2087 3321
1056 224 1113 267 34

319 342 449 386 huius
486 332 656 402 generis
694 358 789 387 cum
829 344 939 397 sint,
980 343 1144 387 duobus
1184 343 1271 386 iam
1308 345 1364 387 ab
1396 343 1608 402 Hauptim
1651 344 1783 387 tertio
1814 359 1839 388 a

320 414 549 461 Schwabio
580 421 682 460 vera
713 416 931 472 scriptura
964 417 1143 459 inventa
1176 420 1284 459 erat.

445 501 516 553 62,
521 501 578 551 63

543 591 683 633 Tertia
713 604 819 647 pars
847 592 987 647 patri
1017 590 1161 643 data,
1197 604 1323 647 pars
1352 590 1456 634 data
1487 593 1612 635 tertia
1642 593 1779 635 matri.

442 680 512 724 Sic
545 681 850 726 Lachmannus
882 681 1056 737 scripsit
1088 683 1259 725 secutus
1291 680 1551 737 scripturam
1583 682 1774 730 codicum
1803 680 1841 723 D

318 757 362 798 et
394 754 441 808 L,
476 754 731 812 quibuscum
764 753 802 799 G
834 753 1066 799 consentit.
1127 752 1230 799 Post
1264 752 1588 805 Lachmannum
1623 754 1843 812 Hauptius

318 828 370 884 de
402 828 484 871 hoc
516 842 642 871 versu
675 828 768 886 egit
799 828 843 870 in
877 829 1045 883 quaest.
1069 825 1115 871 C.
1139 842 1181 883 p.
1207 827 1266 870 30
1298 827 1385 883 (op.
1419 825 1441 868 I
1462 842 1503 884 p.
1528 827 1620 884 22).
1669 825 1712 869 Is
1743 841 1840 870 cum

318 898 482 944 Catulli
522 902 619 944 arte
657 899 884 958 indignum
924 902 1119 944 censeret
1156 914 1346 953 versum,
1386 899 1461 957 qui
1492 898 1842 956 interpunctione

318 975 418 1028 post
463 973 584 1029 pedis
632 972 754 1015 tertii
802 972 949 1014 thesin
998 971 1141 1027 posita
1188 972 1234 1014 in
1281 972 1387 1016 duas
1432 972 1670 1028 particulas
1717 985 1842 1028 pares

318 1044 618 1097 dissecaretur‚
651 1060 705 1089 ex
737 1045 892 1099 codicis
926 1043 1124 1088 Thuanei
1157 1044 1392 1101 scriptura:

540 1136 682 1179 Tertia
712 1138 852 1192 patris
882 1150 988 1192 pars
1020 1142 1080 1180 est
1113 1137 1217 1180 data
1249 1137 1374 1178 tertia
1405 1138 1532 1179 matri

317 1226 671 1282 proficiscendum
706 1242 798 1271 esse
830 1229 952 1271 ratus
983 1228 1044 1271 sic
1075 1241 1245 1270 versum
1277 1226 1583 1270 conformavit:

539 1313 678 1356 Tertia
706 1327 815 1370 pars
844 1315 1013 1369 patrici,
1044 1328 1150 1369 pars
1181 1319 1240 1356 est
1273 1314 1377 1356 data
1408 1315 1532 1356 tertia
1563 1315 1701 1371 nentri.

318 1384 378 1428 Et
410 1399 679 1441 quamquam·
708 1384 751 1427 id
783 1385 939 1441 ipsum,
972 1386 1084 1442 quod
1116 1386 1162 1430 in
1196 1384 1402 1429 Thuaneo
1433 1387 1568 1438 extat,
1601 1384 1730 1429 nihili
1762 1388 1842 1437 est,

315 1471 465 1501 versus
498 1460 660 1510 autem,
692 1471 820 1514 quem
853 1456 894 1500 D
927 1462 972 1503 et
1003 1458 1038 1502 L
1070 1459 1294 1510 exhibent,
1326 1458 1473 1502 scandi
1504 1460 1662 1515 potest,
1694 1460 1841 1502 tamen

317 1531 409 1587 ipse
442 1530 517 1573 ille
549 1544 726 1583 naevus,
760 1544 887 1586 quem
911 1529 1132 1588 Hauptius
1163 1530 1210 1573 in
1242 1544 1292 1573 eo
1325 1530 1646 1582 animadvertit,
1680 1530 1843 1575 indicat

319 1619 416 1648 eum
449 1618 538 1647 non
569 1619 595 1647 a
629 1602 803 1647 Catullo
833 1604 1074 1660 profectum
1108 1618 1211 1657 esse,
1231 1603 1321 1646 sed
1353 1604 1550 1648 refictum
1582 1605 1638 1648 ab
1670 1603 1843 1647 homine

318 1676 524 1734 quodam,
565 1676 640 1733 qui
681 1676 824 1720 versui
854 1676 1061 1721 mutilato
1094 1691 1192 1721 suos
1224 1690 1423 1721 numeros
1454 1676 1632 1721 reddere
1663 1676 1844 1720 studuit.

316 1749 429 1793 Mire
477 1751 621 1793 autem
670 1749 896 1794 stabilitur
942 1750 1024 1795 hoc
1066 1750 1270 1794 iudicium
1311 1750 1558 1794 testimonio
1597 1749 1753 1801 codicis
1793 1748 1844 1800 O,

317 1823 392 1880 qui
433 1825 477 1867 et
515 1822 607 1879 ipse
647 1836 820 1866 versum
859 1825 1111 1880 corruptum
1152 1822 1224 1866 sed
1264 1823 1352 1867 alia
1381 1818 1560 1868 >ratione
1592 1824 1843 1879 corruptum

317 1895 508 1940 exhibet.
563 1893 709 1938 Facile
740 1896 856 1939 enim
889 1895 1178 1954 cognoscitur,
1211 1911 1297 1953 qua
1329 1895 1498 1941 ratione
1529 1896 1770 1953 scripturae
1801 1897 1845 1937 et

320 1968 449 2012 huius
481 1968 605 2012 libri:

537 2054 676 2098 Tertia
707 2067 813 2110 pars
843 2058 959 2110 patri
990 2062 1050 2099 est
1081 2057 1185 2100 data
1218 2058 1343 2099 tertia
1375 2058 1501 2100 matri

318 2141 362 2182 et
393 2137 549 2182 codicis
582 2137 799 2184 Thuanei:

518 2225 680 2267 »Tertia
712 2227 850 2280 patris
879 2238 986 2280 pars
1017 2231 1077 2268 est
1110 2226 1213 2268 data
1245 2227 1369 2268 tertia
1399 2227 1527 2269 matri

318 2313 371 2341 ex
417 2312 467 2341 eo
513 2297 618 2341 oriri
659 2297 904 2354 potuerint,
953 2298 1065 2354 quod
1101 2296 1323 2342 Catullum
1364 2298 1585 2362 scripsisse
1625 2297 1844 2363 Hauptius

316 2371 583 2427 suspicatur:

539 2457 679 2499 Tertia
708 2471 815 2512 pars
845 2459 961 2511 patri
994 2464 1068 2509 est,
1099 2471 1205 2512 pars
1239 2464 1298 2500 est
1330 2459 1434 2499 data
1466 2459 1591 2500 tertia
1622 2459 1761 2499 matri.

317 2527 380 2572 Eo
419 2528 553 2582 enim,
595 2528 708 2586 quod
748 2528 913 2589 scribae
953 2529 1102 2574 oculus
1133 2545 1159 2574 a
1190 2530 1334 2587 priore
1372 2537 1433 2574 est
1472 2528 1527 2573 ad
1566 2529 1752 2574 alterum
1785 2536 1845 2573 est

317 2602 559 2655 aberravit,
601 2605 745 2646 ortum
784 2605 851 2646 est
890 2602 953 2655 id,
994 2605 1108 2660 quod
1146 2604 1192 2648 in
1232 2600 1269 2645 Ο
1309 2603 1454 2653 extat,
1502 2602 1631 2659 quod.
1653 2601 1765 2646 idem
1797 2603 1843 2646 in

316 2673 521 2719 Vfuisse
562 2678 607 2718 et
645 2675 898 2719 correctoris
939 2675 1057 2721 illius
1105 2675 1273 2720 metrici
1324 2688 1497 2719 manum
1540 2690 1714 2732 passum
1748 2664 1844 2719 ‘esse

315 2762 474 2803 ponere
513 2747 727 2791 debemus.
792 2747 988 2792 Thuauei
1032 2749 1250 2807 scriptura
1288 2748 1349 2791 sic
1388 2752 1486 2791 orta
1525 2751 1610 2801 est,
1653 2751 1704 2792 ut
1739 2762 1845 2805 pars

316 2823 419 2865 ante
449 2824 567 2877 patri
597 2820 887 2874 omitteretur,
921 2820 1049 2883 simul
1082 2822 1229 2863 autem
1252 2836 1305 2864 ex
1329 2825 1445 2878 patri
1466 2828 1526 2865 est
1547 2821 1673 2865 fieret
1691 2823 1841 2876 patris.

318 2893 511 2937 Priorem
559 2893 695 2952 igitur
742 2907 890 2937 versus
924 2880 1094 2951 partem
1135 2895 1258 2937 recte
1304 2895 1495 2938 servavit
1543 2893 1604 2946 Ο
1654 2884 1840 2937 alteram
