2087 3321
1034 216 1093 271 28

426 334 561 390 66324

525 410 574 450 Ut
606 409 678 450 tibi
710 414 827 449 tunc
860 413 945 449 loto
975 414 1143 462 pectore
1174 409 1375 450 sollicitae

426 496 533 524 nunc
567 479 643 523 DL
674 486 771 522 tunc
803 477 935 523 La⁹O
967 494 1076 523 'cunc
1107 493 1320 534 suprascr.
1352 487 1450 524 tunc
1481 480 1533 525 G.

426 553 555 605 3421

521 628 604 668 Sis
635 640 898 680 quocunque
929 628 1003 668 tibi
1032 628 1169 681 placet

423 698 548 742 Hanc
571 696 805 755 genuinam
831 697 1091 755 scripturam
1116 698 1325 742 exhibent
1343 697 1558 756 margines
1575 698 1766 742 codicum
1786 698 1824 743 G

304 778 349 815 et
382 773 432 823 B,
465 774 693 827 praeterea
726 770 778 822 Ο,
811 771 957 821 ceteri,
992 786 1174 826 quorum
1207 771 1253 814 in
1286 786 1464 815 numero
1496 771 1627 813 etiam
1662 770 1701 811 D
1723 774 1769 813 et
1790 772 1825 814 L

302 847 419 895 sunt,
451 843 664 900 praebent
694 846 778 887 scis
808 857 1077 899 quaecunque
1109 845 1182 886 tibi
1212 846 1349 899 placet
1383 844 1449 887 vel
1480 845 1659 900 placent.

427 915 560 967 10‚13
1286 912 1289 915 ’

521 989 774 1031 Praesertim
805 988 953 1042 quibus
984 995 1090 1031 esset
1120 990 1350 1031 irrumator

521 1063 701 1103 Praetor
731 1075 813 1103 non
843 1062 1078 1114 facerent
1109 1063 1185 1115 pili
1217 1062 1438 1102 cohortem.

424 1132 545 1177 Haec
566 1136 632 1176 est
654 1131 872 1188 scriptura.
893 1132 1048 1177 codicis
1072 1132 1125 1186 D,
1157 1149 1183 1178 a
1205 1148 1291 1190 qua
1316 1132 1351 1175 L
1372 1133 1436 1176 ita
1458 1136 1630 1177 tantum
1653 1135 1826 1186 recedit,

303 1211 354 1249 ut
386 1222 468 1249 non
499 1209 660 1261 faceret
691 1205 914 1260 praebeat.
969 1204 1275 1250 Lachmannus
1303 1204 1521 1257 dubitans,
1554 1207 1657 1263 quid
1679 1221 1825 1252 verum

303 1281 373 1334 sit,
408 1278 448 1321 D
482 1279 742 1336 scripturam
775 1281 927 1335 aperte
959 1282 1211 1335 corruptam
1243 1279 1286 1320 in
1320 1281 1444 1322 textu
1475 1279 1634 1334 posuit,
1672 1280 1715 1321 in
1749 1295 1828 1322 an-

302 1352 528 1396 notatione
575 1353 724 1396 autem
770 1351 923 1396 critica
964 1349 1172 1395 Gronovii
1211 1350 1503 1396 coniecturam
1542 1367 1624 1396 non
1666 1353 1828 1407 faciens

304 1427 436 1469 affert
467 1440 601 1481 eoque
633 1424 918 1468 commendat.
973 1423 1057 1467 Sed
1089 1439 1142 1467 ex
1173 1425 1247 1476 eis,
1280 1438 1391 1480 quae
1422 1423 1460 1466 G
1491 1426 1536 1467 et
1564 1423 1601 1468 Ο
1633 1424 1827 1477 tradunt,

306 1498 426 1543 aliud
474 1498 578 1555 quid
626 1495 846 1540 Catullum
896 1495 1115 1553 scripsisse
1162 1500 1360 1554 apparet.
1424 1495 1462 1540 G
1500 1497 1614 1541 enim
1653 1497 1829 1541 exhibet

306 1587 389 1616 non
427 1574 588 1627 faceret
628 1583 842 1626 suprascr.
875 1572 920 1613 al
950 1585 1047 1622 nec,
1087 1568 1124 1613 O
1155 1585 1231 1614 nec
1259 1571 1441 1624 faceret,
1481 1585 1619 1628 neque
1651 1570 1828 1614 dubium

310 1645 493 1697 videtur,
527 1642 632 1701 quin
663 1642 772 1688 illud
804 1659 880 1688 nec
909 1646 1071 1701 faceret
1103 1657 1251 1686 verum
1283 1643 1361 1686 sit:

522 1718 774 1759 Praesertim
806 1718 955 1773 quibus
985 1723 1090 1761 esset
1120 1718 1348 1759 irrumator

525 1791 703 1834 Praetor
733 1805 810 1834 nec
840 1792 1001 1845 faceret
1030 1792 1106 1845 pila·
1138 1791 1357 1833 cohortem.

305 1862 410 1906 Tale
459 1861 573 1905 enim
621 1861 789 1906 dicendi
837 1876 976 1919 genus
1025 1877 1109 1906 non
1159 1860 1368 1905 abhorret
1406 1862 1461 1905 ab
1503 1877 1581 1905 usu
1624 1865 1829 1907 sermonis

305 1935 466 1988 Latini,
500 1935 554 1980 cf.
591 1934 685 1978 Cat.
720 1936 815 1989 2‚3:

526 2009 634 2060 Quoi
663 2009 843 2063 primum
874 2010 1046 2064 diyitum
1078 2010 1182 2051 dare
1214 2007 1424 2063 adpetenti

524 2082 589 2123 Et·
611 2083 725 2124 acris
755 2083 857 2125 solet
888 2083 1066 2125 incitare
1096 2086 1272 2125 morsus.

305 2153 400 2198 Ter.
440 2153 574 2199 Andr.
608 2152 629 2196 I
666 2153 790 2207 1‚66:
1474 2205 1479 2208 ¹

523 2228 632 2268 Nam
664 2231 735 2282 qui
767 2242 858 2270 cum
889 2229 1064 2282 inqenie‘s
1096 2228 1356 2281 conflictatur
1388 2229 1475 2269 eius
1504 2228 1615 2269 modi

523 2300 664 2355 Neque
697 2306 974 2343 commovetur
1005 2302 1168 2345 animus
1198 2303 1241 2344 in
1273 2314 1324 2343 ea
1358 2314 1405 2343 re
1435 2306 1587 2351 tamen,

527 2374 651 2415 Scias
678 2387 803 2427 posse
832 2374 987 2416 habere

307 2447 352 2488 et
386 2445 629 2502 exemplum
662 2443 786 2496 illud,
818 2444 932 2500 quod
965 2444 1249 2502 Rossbergius
1281 2443 1324 2486 in
1358 2444 1602 2489 recensione
1633 2443 1832 2489 editionis

308 2517 658 2560 Baehrensianae
706 2515 989 2572 (Fleckeiseni
1037 2532 1136 2561 ann.
1189 2517 1303 2560 1877
1343 2531 1387 2572 p.
1432 2516 1535 2574 173)
1583 2517 1738 2561 attulit
1781 2531 1833 2559 ex

303 2589 397 2635 Tib.
432 2588 496 2632 IV
531 2591 572 2641 2,
608 2588 807 2632 15—17:

522 2664 623 2705 Sola
653 2664 887 2718 puellarum
919 2663 1047 2717 diqna
1079 2667 1151 2717 est,
1184 2663 1251 2705 cui
1281 2662 1421 2704 mollia
1453 2663 1569 2706 caris

606 2738 767 2779 Vellera
800 2738 867 2779 det
898 2740 1009 2779 sucis
1042 2738 1104 2779 bis
1134 2738 1376 2790 madefacta
1400 2736 1543 2792 Tyros,

525 2811 835 2866 Possideatque.

429 2881 509 2922 His
556 2882 694 2936 igitur
741 2884 951 2936 quattuor
997 2881 1100 2922 locis
1148 2895 1249 2923 vera
1295 2880 1512 2938 scriptura
1552 2880 1599 2921 in
1639 2878 1676 2920 G
1717 2878 1833 2922 inter
