2087 3321
1065 241 1122 284 52

323 360 533 405 removeri
574 361 736 419 possit:
775 360 810 402 is
842 360 979 418 igitur
1016 359 1061 404 in
1095 361 1301 413 v.v100‚2
1333 360 1510 406 exhibet
1542 361 1653 420 idem
1687 359 1841 404 vitium

323 435 456 490 atque
478 432 535 478 O:
568 435 917 485 cremnensium,
940 447 1037 476 cum
1059 432 1106 475 in
1128 430 1167 475 G
1189 426 1306 475 recte
1337 447 1609 478 veronensem
1630 432 1839 490 scriptum

323 506 396 548 sit.
444 505 526 556 Qui
558 506 691 549 mirus
722 505 839 548 inter
862 502 900 547 Ο
920 507 977 546 et
998 503 1034 549 L
1066 518 1297 548 consensus
1330 506 1540 560 explicari
1571 522 1655 550 non
1686 508 1845 563 potest,

323 578 361 622 si
392 577 428 622 L
459 592 510 621 ex
542 575 582 620 G
611 575 785 637 fluxisse
827 576 1056 634 ponimus;
1094 577 1339 635 ponendum
1371 578 1438 620 est
1470 580 1767 624 veronensium
1801 576 1848 621 in

324 650 366 693 V
397 651 593 694 extitisse
624 653 757 708 atque
791 650 891 694 inde
924 653 1018 693 tum
1052 651 1094 693 iu
1129 650 1166 694 Ο
1199 655 1293 694 tum
1325 652 1368 694 in
1392 650 1427 693 L
1457 651 1715 707 pervenisse.
1765 650 1848 694 Sed

323 724 374 767 de
398 722 450 775 D,
481 722 556 780 qui
578 723 689 767 liber
712 738 738 766 a
761 721 1041 767 Lachmanno
1065 724 1204 781 multo
1225 723 1362 781 pluris
1382 738 1512 780 quam
1535 723 1570 766 L
1591 724 1848 767 aestimatus

323 798 404 849 est,
439 811 465 840 a
498 795 731 840 novissimo
762 795 927 840 editore
950 794 1215 840 Baehrensio
1236 796 1428 842 omnium
1450 795 1614 841 Catulli
1637 795 1848 839 librorum

321 869 533 924 pessimus
564 867 843 924 perhibetur,
882 883 1040 924 operae
1070 868 1262 925 pretium
1294 870 1379 914 erit
1410 869 1653 915 accuratius
1685 867 1849 923 disqui-

323 954 432 984 rere.
496 938 556 984 Et
594 954 881 997 quamquam,
924 941 974 983 ut
1014 940 1069 984 ab
1108 941 1307 986 omnibus
1339 956 1585 987 concessum
1617 941 1697 992 est,
1729 938 1790 983 sic
1821 953 1848 982 a

322 1013 445 1057 nobis
484 1027 655 1070 quoque
695 1012 946 1057 conceditur
984 1013 1039 1057 ab
1078 1013 1490 1070 interpolationibus
1528 1028 1625 1058 eum
1661 1012 1846 1057 liberum

321 1101 407 1130 non
441 1101 545 1139 esse,
578 1088 727 1134 tamen
758 1100 898 1142 neque
931 1102 957 1130 a
988 1086 1131 1141 codice
1163 1087 1407 1131 accuratius
1428 1085 1733 1144 perlustrando
1765 1084 1847 1128 hac

321 1173 368 1201 re
409 1157 620 1202 deterreri
659 1157 883 1212 debemuS‚
922 1172 1020 1202 cum
1058 1172 1112 1202 ne
1150 1160 1314 1202 ceteros
1353 1159 1527 1216 quidem
1549 1158 1698 1202 libros
1730 1157 1847 1201 omni

321 1230 602 1275 librariorum
634 1243 766 1285 opera
797 1231 1010 1274 immunes
1041 1231 1344 1284 invenerimus,
1388 1256 1442 1263 ——
1480 1234 1525 1274 et
1556 1231 1602 1273 in
1633 1229 1685 1282 O.
1719 1244 1846 1286 quem

321 1303 534 1360 optimum
566 1301 754 1347 codicem
786 1302 987 1347 nonnulli
1019 1302 1287 1360 praedicant,
1320 1318 1393 1348 sex
1425 1302 1679 1348 offendimus
1712 1302 1848 1346 inter-

321 1376 584 1433 polationes,
632 1374 789 1431 quibus
829 1367 1098 1425 Lachmauni
1139 1376 1239 1419 libri
1278 1379 1437 1420 vacant
1475 1400 1531 1408 --
1573 1390 1711 1433 neque
1744 1375 1847 1418 hinc

320 1451 409 1495 iam
456 1449 647 1494 efficitur
692 1463 868 1505 prorsus
907 1449 1069 1494 nullius
1108 1464 1206 1494 eum
1246 1464 1337 1493 esse
1368 1449 1518 1506 pretii3
1551 1452 1697 1506 potest
1729 1449 1844 1492 enim

320 1522 389 1565 vel
427 1521 488 1565 sic
530 1520 647 1575 fieri,
688 1521 739 1564 ut
779 1522 892 1566 bona
924 1523 969 1565 et
999 1522 1191 1579 genuina
1222 1521 1449 1579 praebeat,
1491 1535 1603 1578 quae
1634 1536 1661 1565 a
1692 1521 1846 1565 ceteris

320 1595 536 1640 codicibus
568 1593 729 1640 absint.

381 1665 383 1667 ’
445 1664 590 1723 Atque
634 1665 749 1723 quod
790 1665 829 1709 D
861 1681 884 1711 e
916 1667 1058 1711 codice
1097 1666 1136 1710 G
1174 1667 1402 1711 deductum
1442 1682 1533 1712 esse
1573 1667 1769 1720 credunt,
1803 1667 1847 1710 id

321 1755 424 1784 sane
463 1755 548 1783 non
581 1741 733 1796 quovis
773 1741 867 1784 loco
904 1740 1144 1793 refutatur,
1183 1756 1269 1797 quo
1300 1740 1344 1784 in
1377 1738 1417 1783 D
1449 1756 1598 1785 verum
1630 1744 1767 1794 extat,
1800 1741 1846 1784 in

323 1811 362 1856 G
401 1826 501 1857 non.
564 1809 679 1858 Nam
719 1811 930 1870 siquidem
970 1812 1173 1858 librarius
1211 1814 1289 1857 aut
1328 1811 1483 1857 codicis
1516 1811 1555 1856 D
1594 1812 1729 1871 ipsius
1769 1815 1847 1858 aut

322 1885 414 1927 eius
457 1884 685 1941 archetypi
722 1884 766 1947 in
806 1888 932 1928 textu
971 1885 1236 1929 emendando
1267 1900 1444 1941 operam
1476 1887 1719 1940 collocavit,
1751 1887 1846 1930 fieri

321 1959 488 2014 potest,
528 1960 579 2000 ut
618 1957 838 2002 interdum
876 1956 915 2000 ei
952 1956 1207 2015 contigerit,
1251 1962 1300 2001 ut
1338 1958 1391 2002 de
1428 1973 1504 2002 suo
1536 1973 1685 2004 verum
1718 1960 1847 2004 resti-

321 2032 480 2074 tueret.
560 2028 643 2073 Sed
688 2032 922 2074 occurrunt
968 2029 1071 2083 loci,
1120 2031 1275 2086 quibus
1323 2030 1522 2075 videatur
1560 2031 1846 2074 demonstrari

321 2116 445 2160 posse
476 2116 563 2147 non
596 2117 892 2160 quaecumque
923 2102 1036 2148 bona
1067 2103 1112 2147 in
1135 2102 1175 2147 D
1198 2104 1419 2163 leguntur,
1450 2119 1547 2149 cum
1580 2118 1606 2148 a
1627 2101 1666 2147 G
1687 2102 1846 2156 absint,

321 2191 347 2219 a
395 2177 638 2220 correctore
684 2176 892 2221 restituta
938 2191 1043 2222 esse.
1117 2176 1309 2229 Quorum
1348 2177 1538 2221 locorum
1576 2177 1741 2234 primus
1781 2179 1847 2219 est

323 2248 471 2305 66,45‚
506 2263 591 2307 quo
625 2247 825 2294 Catullus
856 2249 964 2295 haec
995 2249 1168 2295 videtur
1199 2250 1438 2308 scripsisse:

541 2323 643 2367 Cum
676 2324 786 2367 Medi
815 2338 1017 2381 peperere
1047 2338 1197 2368 noevum
1228 2339 1345 2368 mare
1382 2339 1588 2382 cumque
1619 2327 1807 2368 iuventus

614 2397 698 2439 Per
726 2398 904 2440 medium
936 2399 1062 2440 classi
1093 2397 1283 2440 barbara
1313 2400 1429 2441 navit
1460 2399 1606 2441 Athon.

322 2467 375 2511 In
399 2466 438 2510 D
472 2470 589 2511 recte
621 2467 784 2526 legitur
803 2484 988 2526 cumque,
1021 2469 1066 2512 in
1090 2468 1128 2512 G
1160 2475 1299 2526 atque,
1332 2470 1396 2514 ita
1418 2472 1469 2513 ut
1489 2470 1540 2522 ie,
1563 2468 1637 2526 qui
1659 2468 1846 2512 codicem

323 2540 363 2584 D
396 2556 451 2585 ex
481 2539 519 2584 G
557 2540 801 2586 derivatum
842 2558 933 2587 esse
963 2545 1110 2600 putat,
1155 2557 1316 2600 ponere
1351 2540 1508 2586 debeat
1540 2541 1705 2586 Datani
1735 2540 1844 2585 illud

322 2630 495 2671 cumque
541 2630 567 2657 a
606 2617 847 2659 correctore
897 2617 1149 2660 restitutum
1187 2630 1291 2660 esse.
1361 2614 1455 2659 Iam
1483 2629 1627 2670 supra
1666 2613 1727 2670 (p.
1772 2615 1845 2671 15)

323 2687 576 2745 negavimus
610 2685 691 2731 hoc
729 2686 824 2732 fieri
855 2689 1067 2745 potuisse.
1111 2703 1226 2733 nnnc
1258 2688 1491 2740 videamu8‚
1523 2701 1655 2743 quam
1685 2687 1846 2744 proba-

321 2760 473 2804 biliter
505 2758 585 2803 hoc
617 2774 643 2803 a
675 2761 895 2805 nonnullis
926 2762 1163 2806 statuatur.
1217 2759 1445 2804 Corrector
1475 2759 1550 2802 ille
1582 2760 1644 2803 nil
1675 2759 1847 2804 efficere

322 2835 492 2879 studuit
523 2838 606 2882 nisi
639 2832 748 2877 illud
780 2836 832 2878 ut
864 2834 1057 2887 hiatum,
1099 2834 1174 2892 qui
1212 2838 1279 2877 est
1310 2835 1409 2890 post
1440 2848 1584 2877 vocem
1618 2848 1747 2885 mare,
1780 2847 1846 2876 re-

323 2911 534 2958 moveret:
582 2908 770 2969 priorem
818 2911 962 2978 autem
1012 2911 1181 2964 partem
1231 2921 1377 2950 versus
1425 2906 1499 2949 ille
1545 2906 1721 2949 omnino
1760 2920 1844 2949 non
