2087 3321
926 244 986 290 29

199 367 326 411 textu
356 365 511 410 codicis
532 363 574 407 V
595 366 738 411 omissi
768 367 813 410 in
843 366 1039 426 margine
1070 364 1276 424 adscripti
1296 364 1474 418 fuerint,
1506 369 1556 411 ut
1582 368 1708 413 facile

199 439 255 483 ab
286 439 372 483 alio
402 438 581 484 librario
611 441 940 497 respicerentur,
972 439 1310 497 neglegerentur
1340 440 1397 483 ab
1428 439 1539 486 aliis,

318 509 413 555 Iam
450 511 505 556 ad
541 527 613 557 eos
648 512 949 572 progredimur
986 512 1121 564 locos,
1160 511 1315 569 quibus
1347 510 1405 566 Ο,
1445 527 1706 570 quamquam

198 598 281 627 non
305 598 453 627 verum
473 584 615 641 ipsum
635 587 829 642 praebet,
849 589 997 630 tamen
1018 584 1186 627 fidelius
1201 585 1430 642 archetypi
1443 587 1709 643 scripturam

197 658 446 713 corruptam
482 657 671 703 reddidit
707 662 753 702 et
790 658 968 715 propius
1000 672 1026 701 a
1056 670 1157 700 vero
1187 656 1310 702 abest
1339 671 1470 716 qnam
1502 656 1543 700 D
1561 661 1619 702 et
1651 658 1708 702 L:

320 729 452 782 63‚46

413 804 671 860 Liquidaque
701 809 833 847 mente
863 804 965 846 vidit
995 804 1083 846 sine
1115 804 1258 858 queis
1289 805 1438 861 ubique
1467 805 1579 860 sorel

460 877 647 932 sineque
678 877 742 918 his
772 873 890 919 DLG
1073 877 1240 932 sineque
1269 879 1306 919 is
1337 875 1374 919 Ο

317 948 482 1000 64,138

411 1022 558 1063 Inmile
588 1025 633 1061 ul
663 1022 794 1063 nostri
824 1020 941 1061 vellet
972 1021 1234 1062 miserescere
1263 1027 1407 1075 pectus

482 1095 691 1136 'nitescere
722 1091 839 1145 DLGr
1070 1095 1287 1137 mirescere
1320 1092 1359 1137 O

316 1165 449 1219 67‚42

409 1240 551 1281 Solam
582 1253 673 1280 cum
705 1239 903 1290 ancillis
933 1239 1037 1280 haec
1066 1252 1145 1281 sua
1175 1238 1340 1293 tlaqilia

480 1311 662 1353 conciliis
694 1307 775 1352 DG

480 1399 573 1426 cum
596 1385 780 1426 conciliis
801 1382 837 1425 L
1069 1348 1254 1390 ⁰⁰⁷¹⁰⁸¹¹⁸⁸
1288 1345 1325 1389 Ο

318 1456 447 1509 76,1Ῑ

410 1530 519 1580 Quin
556 1536 600 1570 lu
641 1529 778 1569 animo
811 1528 1001 1582 offirmas
1034 1533 1158 1584 atque
1203 1530 1323 1572 istinc
1370 1535 1498 1585 leque
1541 1532 1706 1576 reducis

480 1600 555 1652 (cf.
588 1614 632 1656 p.
666 1600 711 1657 6)

480 1676 729 1729 inslinluque
760 1672 799 1715 D

479 1748 670 1809 instincto
702 1745 737 1789 L
1080 1747 1347 1803 instincleque
1379 1744 1415 1788 Ο

479 1822 752 1875 instinctuque
783 1817 821 1861 G

314 1893 449 1947 ’ΠΛΟ
479 1890 644 1951 (78¹›‚4)

409 1968 586 2011 Noscenl
617 1972 655 2009 et
686 1967 757 2022 qui
785 1967 843 2008 sis
871 1965 991 2020 fama
1022 1966 1229 2021 loquetur
1260 1979 1373 2009 anus

478 2041 738 2096 famulosque
770 2046 887 2082 lenus
919 2037 959 2082 D

479 2114 717 2169 famuloque
747 2118 864 2156 lenus
895 2109 930 2153 L
1082 2113 1320 2168 famuloque
1351 2118 1474 2156 tanus
1505 2111 1542 2156 O

476 2188 716 2241 famuloque
747 2199 879 2228 canus
907 2182 996 2242 (3²¹³)

310 2258 527 2312 Quattuor
574 2258 679 2302 locis
723 2257 799 2314 qui
842 2256 928 2300 huc
975 2257 1197 2313 pertinent
1221 2255 1512 2302 Lachmanno
1549 2258 1697 2303 eadem

189 2347 321 2388 quam
352 2331 389 2376 Ο
429 2331 605 2375 exhibet
643 2331 860 2387 scriptura
901 2330 971 2373 vel
1007 2330 1161 2373 similis
1199 2345 1252 2373 ex
1289 2330 1582 2376 Laurentiano
1622 2335 1700 2375 aut

189 2404 385 2466 Parisino
415 2406 493 2448 aut
521 2403 624 2450 libri
646 2402 681 2446 L
712 2417 844 2447 manu
873 2402 1058 2446 secunda
1089 2404 1264 2459 praesto
1294 2405 1410 2448 erat:

308 2477 441 2530 28‚12

406 2551 538 2596 Casu.-
570 2565 668 2595 nam
698 2551 822 2595 nihilo
853 2550 1009 2593 minore
1038 2561 1172 2606 verpa

284 2684 318 2730 *)
343 2682 488 2720 Iniuria
512 2683 586 2720 huc
608 2683 827 2721 referuntur
844 2682 1067 2730 scripturae,
1093 2682 1226 2728 quales
1244 2682 1275 2718 Ο
1294 2683 1457 2729 praebet
1475 2682 1559 2724 64‚4
1572 2684 1695 2728 pupis

188 2757 259 2793 pro
285 2757 375 2782 vero
394 2746 512 2790 pubis
540 2746 646 2787 (cett.
674 2746 781 2783 codd.
794 2745 953 2792 puppis)
979 2743 1020 2781 et
1044 2744 1126 2789 36,1
1153 2744 1287 2781 annale
1311 2755 1381 2791 pro
1407 2743 1563 2782 annales
1589 2744 1696 2789 (cett.

187 2805 297 2843 codd.
336 2805 527 2852 annuale).
589 2804 700 2842 Talia
738 2805 841 2842 enim
878 2804 925 2841 ob
960 2804 1147 2840 rationem
1186 2804 1542 2850 orthographicum,
1581 2816 1697 2851 quam

187 2866 330 2905 codicis
372 2864 403 2903 Ο
444 2864 623 2903 librarius
648 2866 887 2912 mdhibebat,
928 2864 1025 2903 nihil
1066 2864 1140 2903 hac
1181 2863 1221 2902 in
1262 2876 1305 2902 re
1347 2863 1475 2903 velere
1519 2865 1696 2913 poesunt3

185 2926 236 2964 of.
261 2925 449 2972 64,6.1’12.
