2087 3321
1044 226 1073 270 5

299 349 418 401 Quod
480 362 567 392 non
614 347 898 405 probabiliter
950 346 1189 391 instituisse
1246 345 1434 390 videtur:
1516 347 1623 391 illud
1678 351 1715 392 si
1766 352 1811 404 fit

300 422 412 467 enim
452 423 592 478 neque
629 418 682 464 ad
719 421 982 466 sententiam
1030 421 1217 464 multum
1264 420 1382 470 valet
1426 422 1472 464 et
1513 420 1641 464 nimis
1682 421 1811 481 longe

299 484 439 540 abest
468 492 524 536 ab
569 492 647 536 illo
691 500 860 551 stetque.
924 494 1102 538 Accedit
1140 494 1253 586 quod
1291 492 1348 546 G,
1388 508 1572 551 quocum
1614 493 1651 537 Ο
1692 492 1811 547 facit,

299 566 405 610 haec
434 567 645 611 testatur.

513 640 643 684 Imm'o
673 642 809 697 etiam·
828 641 964 684 laedet
995 639 1237 695 obestque
1267 642 1480 698 mayae‘sque
1512 642 1658 696 mayt‘s.

298 713 451 770 Itaque
498 727 581 757 non
626 728 706 771 pro
752 712 829 757 illo
880 709 1091 769 maqisque
1138 713 1425 768 reponendum
1467 718 1563 758 erat
1604 715 1812 770 obestque,

299 785 370 829 sed
408 785 696 843 comparanda
733 785 878 843 potius
924 789 1050 829 erant·
1086 791 1241 841 stetque
1280 788 1324 829 et
1363 788 1556 843 obestque
1594 789 1638 830 et
1678 801 1812 844 quae-

299 858 491 911 rendum,
522 859 668 901 utrum
701 856 844 901 verius
873 859 997 911 esset,
1031 861 1177 900 utrum
1209 871 1262 900 ex
1291 858 1430 902 altero
1452 861 1610 902 ortum.
1664 858 1811 916 Atque

298 945 415 976 mero
457 944 601 974 errore
639 943 776 987 neque
817 933 1009 989 obestque
1040 945 1092 974 ex
1122 936 1279 987 stetque
1318 946 1397 976 nec
1430 946 1530 976 vero
1561 931 1652 976 vice
1687 947 1809 977 versa

297 1012 453 1060 stetque
485 1017 538 1045 ex
568 1004 761 1059 obestque
799 1004 969 1048 videtur
1007 1009 1157 1047 natum
1191 1018 1293 1047 esse.
1358 1003 1584 1061 Scriptura
1616 1007 1809 1062 obestque

299 1079 459 1129 autem,
492 1089 601 1132 quae
631 1074 830 1135 intellegi
860 1079 1025 1133 potest,
1066 1075 1264 1120 veritatis
1296 1076 1477 1132 speciem
1511 1091 1614 1133 prae
1645 1093 1690 1122 se
1721 1077 1809 1122 fert

298 1154 361 1203 et,
419 1163 694 1206 quamquam>
726 1151 917 1207 obestque
963 1152 1175 1205 maqisque
1225 1152 1359 1205 mayt's
1418 1143 1569 1194 contra
1623 1155 1808 1195 metrum

297 1225 487 1280 pugnat,
527 1226 643 1266 certe
682 1222 718 1264 si
757 1222 965 1265 deleveris
1003 1222 1112 1264 illud
1149 1224 1382 1277 magisque,
1429 1221 1542 1277 quod
1583 1223 1809 1266 delendum

297 1310 387 1340 esse
417 1295 532 1339 inter
562 1309 707 1353 omnes
739 1297 925 1347 constat,
959 1295 1089 1338 verba
1121 1296 1314 1350 obestque
1345 1297 1478 1350 mayis
1509 1298 1610 1351 apte
1639 1311 1809 1338 versum

297 1371 618 1425 pentametrum
651 1367 849 1411 claudere
880 1369 1074 1424 possunt.
1128 1365 1290 1410 Contra
1312 1367 1499 1410 alterum
1524 1366 1631 1410 illud
1653 1359 1831 1424 stetque(

297 1455 420 1484 sensu
452 1454 618 1483 cassum
651 1445 730 1491 est,
764 1442 902 1483 metro
923 1440 1096 1497 egregie
1116 1440 1328 1483 convenit.
1383 1438 1524 1489 Quare
1546 1454 1595 1482 eo
1618 1440 1810 1484 videmur

297 1512 460 1566 deduci,
491 1514 541 1554 ut
571 1518 729 1568 stetque
761 1528 786 1555 a
814 1512 993 1556 librario
1018 1512 1145 1573 metri
1167 1511 1346 1556 sanandi
1368 1527 1496 1556 causa
1517 1526 1596 1568 pro
1617 1513 1810 1570 obestque

298 1585 446 1628 fictum
479 1598 568 1628 esse
601 1598 861 1630 censeamus,
919 1584 978 1628 Et
1009 1599 1272 1643 quamquam
1304 1598 1513 1641 ponamus
1547 1599 1712 1628 necesse
1743 1588 1809 1628 est

297 1658 420 1700 illum
454 1658 715 1702 sententiam
749 1673 830 1702 non
864 1674 1045 1709 curasse,
1063 1652 1225 1703 'tamen
1249 1658 1328 1701 hoc
1351 1658 1405 1701 ab
1427 1657 1598 1715 ingenio
1620 1658 1810 1703 humano

297 1746 384 1776 non
416 1730 546 1789 plane
578 1730 768 1775 alienum
801 1731 969 1776 videtur
1002 1746 1106 1781 esse.
1146 1746 1243 1776 cum
1276 1730 1387 1775 aliae
1420 1727 1607 1775 eiusdem
1639 1731 1810 1789 generis

296 1804 653 1861 interpolationes
690 1809 929 1849 occurrant.
992 1804 1302 1849 Gravissimum
1349 1804 1594 1860 exemplum
1632 1805 1810 1860 praebet

297 1877 499 1922 carminis
546 1875 689 1935 quinti
736 1891 882 1920 versus
930 1879 1127 1930 octavus,
1178 1876 1251 1920 ubi
1289 1881 1505 1920 corrector
1545 1876 1721 1933 quidam
1762 1880 1810 1919 ut

298 1966 444 1995 versus
474 1952 612 1994 staret
645 1964 721 1993 suo
751 1949 895 1993 Marte
927 1952 1135 1995 scribens:
1241 1938 1244 1941 ¹

515 2024 671 2066 Deinde
702 2025 758 2066 mi
788 2026 923 2067 altera
956 2026 1012 2068 da
1042 2025 1225 2068 secunda
1258 2030 1415 2067 centum

296 2095 557 2139 sententiam
595 2110 770 2153 prorsus
807 2095 1110 2153 pessumdedit.
1162 2095 1390 2140 Praeterea
1428 2096 1621 2140 conferas
1667 2097 1808 2149 108‚1‚

298 2168 371 2212 ubi
409 2169 453 2212 in
494 2169 655 2222 codice,
697 2184 823 2226 quem
863 2169 1040 2214 Ellisius
1079 2170 1229 2214 littera
1269 2186 1294 2214 a
1330 2169 1607 2228 significavit,
1650 2185 1811 2226 semper

297 2241 443 2286 eodem
482 2242 661 2287 consilio
697 2243 928 2301 eademque
965 2242 1240 2302 neglegentia
1275 2242 1483 2299 scriptum
1517 2245 1596 2287 est.
1660 2241 1809 2302 Neque

297 2316 426 2359 aliter
457 2317 665 2372 explicari
697 2319 842 2373 potest
871 2324 1166 2372 monstrorum,
1204 2317 1317 2373 quod
1349 2316 1394 2359 in
1427 2317 1622 2373 margine
1653 2317 1808 2360 codicis

289 2386 334 2432 ⁴O
374 2389 429 2432 ad
468 2389 601 2441 64,15
653 2378 918 2446 adscriptum
973 2393 1058 2439 est,
1116 2388 1167 2431 de
1221 2403 1306 2445 quo
1352 2403 1479 2431 versu
1526 2389 1639 2433 infra
1685 2389 1809 2432 nobis

297 2461 511 2519 agendum
534 2461 632 2506 erit.
673 2461 831 2515 Quodsi
854 2462 968 2505 recte
990 2460 1248 2518 scripturam
1272 2462 1464 2518 obestque
1485 2461 1809 2518 praeferendam

296 2548 386 2578 esse
418 2535 663 2587 statuimus,
694 2549 790 2579 cum
822 2549 990 2579 versus:

511 2610 641 2651 Immo
672 2604 804 2651 etiam>
826 2610 963 2652 taedet
993 2610 1186 2665 obestque
1216 2611 1348 2664 mayis

296 2694 473 2725 mancus
510 2681 588 2734 sit,
637 2681 799 2738 aliquid
841 2681 1112 2726 inserendum
1153 2683 1232 2727 est.
1303 2680 1359 2724 Et
1398 2681 1518 2725 varia
1567 2681 1648 2726 viri
1694 2681 1811 2726 docti

296 2755 524 2800 inseruere.
574 2753 670 2797 Non
702 2756 829 2811 pauci
861 2755 914 2799 ad
947 2756 1077 2799 verba
1109 2756 1210 2799 nihil
1232 2756 1380 2810 fecisse
1401 2756 1572 2811 benique
1592 2769 1700 2812 opus
1721 2769 1811 2799 esse

297 2828 427 2872 verbo
458 2827 583 2872 finito
614 2827 702 2873 rati
728 2828 1013 2886 scripserunt:

1328 2901 1429 2943 nihil
1458 2900 1607 2954 fecisse
1641 2902 1811 2956 benique
