2087 3321
1065 250 1121 291 50

326 370 474 411 autem
505 368 699 412 codicum
722 368 761 431 D
783 371 830 412 et
851 367 888 411 Ο
909 372 952 413 in
977 369 1101 412 Creta
1133 372 1284 413 natam
1315 384 1406 413 esse
1438 354 1634 438 neglecta
1665 370 1837 422 lineola,

325 456 412 496 qua
443 441 576 486 litera
607 458 647 485 m
677 441 743 486 in
757 441 842 485 fine
873 441 1103 486 verborum
1137 430 1375 499 significari
1406 443 1530 488 solet.

448 512 531 558 Sed
584 514 691 557 haec
746 512 981 557 sufficiant.
1063 513 1292 557 Possumus
1338 514 1453 558 enim
1497 515 1550 559 de
1598 516 1695 560 aliis
1740 515 1843 558 locis
1889 555 1891 557 .

325 584 442 628 haud
457 585 605 640 paucis
622 585 842 643 disserere,
859 574 1221 644 quibusdeditores
1239 586 1457 632 novissimi
1475 602 1684 633 novarum
1700 604 1846 632 rerum

326 656 506 699 studiosi
538 672 561 699 e
593 659 811 715 corruptis
833 659 988 703 codicis
1011 658 1048 702 O
1076 659 1303 715 scripturis
1331 658 1496 714 aliquid
1518 659 1674 704 elicere
1695 653 1847 703 studu-

324 731 452 771 erunt
469 744 629 788 magua
644 745 772 788 saepe
786 731 950 789 ingenii
958 732 1246 784 contentione,
1264 746 1488 789 nunquam
1504 731 1621 776 felici
1636 747 1844 777 successu.

321 803 415 856 Qua
461 803 507 847 in
538 819 586 848 re
623 803 735 849 illud
771 804 984 863 imprimis
1021 804 1263 863 neglexisse
1301 805 1522 859 videntur,
1562 796 1687 863 quod*
1713 797 1846 849 codex

320 877 396 921 ille
428 879 474 921 et
504 878 679 937 legendi
711 881 756 923 et
787 879 1002 923 scribendi
1034 879 1251 923 erroribus
1284 878 1415 922 variis
1446 879 1648 936 oppletus
1668 880 1713 921 et
1742 892 1847 922 con-

321 950 459 994 fertus
491 955 572 997 est.
630 952 790 997 Omisit
822 953 934 996 enim
957 952 1161 997 librarius
1183 954 1299 995 totos
1321 967 1491 996 versus:
1524 941 1640 1005 26,2.
1664 951 1841 1004 64‚330.

321 1023 663 1077 64‚377—379;
696 1025 854 1069 horum
885 1023 1078 1067 locorum
1110 1024 1244 1067 tertio
1284 1013 1489 1068 librarius
1528 1023 1750 1069 aberravit
1788 1023 1844 1067 ab

318 1097 460 1141 altero
491 1112 619 1142 versu
650 1097 903 1142 intercalari
934 1098 987 1142 ad
1021 1096 1222 1150 alterum,
1256 1111 1437 1154 quorum
1467 1097 1589 1154 prior
1619 1112 1696 1142 cur
1727 1096 1843 1140 dele-

317 1172 419 1212 atur
457 1169 573 1213 iusta
610 1183 740 1212 causa
780 1183 868 1211 non
907 1172 995 1219 est3
1042 1169 1189 1211 omisit
1226 1169 1358 1213 verba
1397 1169 1467 1220 9,1
1503 1186 1525 1212 e
1557 1170 1693 1223 23,16
1725 1172 1841 1212 abest

318 1242 451 1296 64,69
491 1250 530 1285 te
566 1242 651 1286 133
689 1245 733 1286 in
772 1241 860 1286 176
880 1237 1050 1286 'nostris
1082 1241 1436 1295 66,34·taurino;
1468 1234 1616 1286 omisit
1646 1242 1840 1299 singulas

316 1316 547 1371 verborum
579 1314 770 1372 syllabas
812 1314 947 1367 6222
980 1317 1122 1371 aspice
1154 1314 1366 1375 (aspicite)
1394 1307 1533 1369 ⁴66,65
1565 1317 1696 1371 vir-qis
1728 1313 1839 1373 (vir-

314 1387 461 1445 qim‘s);
500 1403 728 1445 perperam
766 1388 1018 1432 immutavit
1056 1389 1288 1432 verborum
1327 1388 1521 1433 ordinem
1557 1388 1687 1441 12‚13
1720 1403 1838 1431 nemo

314 1469 374 1506 est
420 1464 554 1506 sinum
602 1461 735 1514 6327
780 1464 927 1505 mulier
964 1464 1115 1513 notha3
1160 1461 1301 1506 multa
1342 1461 1536 1518 corrupit
1579 1459 1841 1518 compendiis

314 1535 428 1579 male
474 1535 709 1591 intellectis
757 1535 922 1587 61,125
972 1537 1126 1579 domim·
1174 1532 1282 1593 (diu)
1332 1534 1495 1587 64,372
1536 1541 1633 1578 avete
1672 1530 1837 1591 (animi)

314 1607 446 1660 66,21
487 1623 587 1651 vero
626 1608 745 1666 (non)
787 1607 920 1661 66‚22
959 1609 1087 1663 factis
1125 1607 1333 1666 (fratris);
1375 1607 1498 1651 varia
1534 1607 1719 1663 denique
1752 1605 1839 1649 alia

314 1679 511 1738 scripsit,
548 1694 660 1738 quae
700 1679 791 1722 eius
828 1679 1154 1739 neglegentiam
1186 1682 1404 1725 testentur
1434 1679 1506 1733 4‚7
1539 1669 1677 1724 insula
1708 1692 1836 1734 voye-

313 1754 437 1798 ladas
469 1752 697 1811 (insulasve
732 1752 956 1811 Cycladas)
999 1753 1130 1804 1723
1161 1755 1254 1796 volo
1285 1755 1379 1796 volo
1411 1752 1522 1810 (eum
1552 1750 1664 1809 volo)
1699 1751 1833 1802 63‚49

312 1832 586 1884 maqestalem·
613 1823 844 1881 (maestast,
877 1825 1010 1868 ceteri
1038 1825 1202 1869 codices
1224 1825 1432 1869 exhibent
1453 1821 1670 1880 maiestas)
1702 1822 1837 1875 66‚69

314 1903 535 1956 quicquam
567 1896 873 1955 (quamquam).

434 1971 518 2016 Sed
558 1986 786 2028 possumus
825 1971 912 2014 iam
945 1985 1156 2015 summam
1189 1971 1330 2015 facere
1363 1985 1508 2015 eorum
1542 1985 1653 2027 quae
1697 1968 1837 2014 adhuc

311 2045 640 2103 disputavimus.
707 2043 852 2100 Atque
883 2044 1073 2100 primum
1105 2058 1180 2087 sex
1211 2044 1326 2088 locos
1349 2044 1647 2097 tractavimus,
1679 2044 1834 2099 quibus

312 2119 584 2163 Lachmanui
636 2118 738 2161 libri
776 2120 855 2161 aut
895 2117 1037 2174 ipsum
1085 2133 1234 2162 verum
1272 2119 1349 2161 aut
1387 2117 1572 2175 vestigia
1615 2118 1707 2162 veri
1747 2132 1833 2161 non

310 2191 575 2249 correctione
621 2190 785 2234 infelici
832 2190 1090 2234 oblitterata
1127 2190 1359 2248 praebent,
1408 2190 1649 2248 scripturae
1689 2191 1836 2233 autem

312 2260 413 2308 libri
453 2264 491 2308 O
530 2265 868 2321 interpolatione
908 2266 1172 2308 ortaesunt
1210 2279 1350 2320 neque
1391 2280 1417 2308 a
1448 2263 1714 2307 Baehrensio
1754 2264 1836 2308 ali-

310 2337 432 2395 isque
478 2337 583 2381 viris
620 2336 759 2380 doctis
798 2336 975 2394 probari
1015 2335 1251 2389 debebant;
1299 2338 1351 2381 de
1389 2337 1573 2393 septimo
1604 2339 1649 2379 et
1680 2339 1833 2380 octavo

309 2412 498 2455 eiusdem
530 2410 700 2469 generis
729 2409 886 2468 ·(66,83
919 2413 1053 2454 colitis
1072 2404 1219 2463 '4214
1240 2410 1374 2467 poles)
1407 2410 1495 2454 iam
1528 2410 1573 2453 in
1603 2410 1747 2466 priore
1779 2410 1831 2454 de

310 2481 348 2525 G
386 2484 514 2540 parte
554 2483 740 2541 egimus3
781 2482 833 2526 de
871 2498 984 2527 nono
1016 2483 1136 2541 (57,7
1179 2482 1383 2541 lecticulo)
1421 2482 1613 2527 dubitari
1642 2486 1832 2541 poterat.

310 2556 421 2599 Tum
465 2556 517 2599 de
564 2557 670 2599 locis
716 2556 976 2613 quibusdam
1023 2572 1076 2600 ex
1123 2572 1271 2600 eorum
1318 2571 1497 2600 numero
1544 2557 1834 2613 disseruimus,

309 2630 466 2686 quibus
498 2641 594 2673 cum
630 2629 901 2673 Lachmanni
940 2628 1043 2673 libri
1081 2632 1126 2673 et
1157 2628 1195 2673 G
1228 2645 1376 2673 verum
1409 2629 1656 2684 exhibeant,
1691 2630 1833 2675 Baeh-

308 2701 476 2747 'rensius
519 2704 563 2745 et
603 2701 680 2746 alii
712 2701 825 2745 libro
857 2701 894 2745 O
927 2703 1024 2759 plus
1056 2718 1185 2760 quam
1218 2717 1299 2759 par
1330 2705 1426 2745 erat
1457 2701 1556 2744 fidei
1589 2704 1832 2747 tribuentes

309 2775 571 2832 scripturam
611 2775 780 2819 librarii
820 2777 1096 2833 neglegentia
1134 2778 1384 2832 corruptam
1425 2776 1469 2818 in
1509 2779 1678 2818 textum
1715 2789 1832 2817 rece-

307 2851 478 2906 perunt.
543 2846 738 2906 Denique
770 2840 918 2905 paucis
950 2847 1301 2893 adumbravimus
1334 2849 1454 2892 varia
1486 2847 1830 2904 corruptelarum

306 2938 481 2979 genera,
514 2939 625 2979 quae
658 2924 701 2965 iu
737 2922 774 2965 Ο
807 2924 1049 2977 permultae
1082 2925 1251 2966 extant.
