2087 3321
1058 210 1115 252 64

323 368 344 387 ἑ
386 382 388 384 v
441 328 699 388 Baehrensii
738 334 884 375 autem
922 331 1159 384 sententia,
1202 331 1276 387 qui
1314 331 1424 375 tales
1455 330 1691 389 scripturas
1722 329 1768 373 in
1804 329 1845 373 D

318 386 548 464 restitutas
599 416 689 447 esse
736 405 881 445 censet
919 417 945 445 a
994 400 1186 457 librario,
1234 404 1310 460 qui
1358 403 1521 448 maiore
1566 402 1844 463 antiquitatis

317 476 459 533 specie
491 476 667 519 librum
706 489 829 518 suum
868 474 1042 517 afficere
1081 474 1234 529 vellet,
1262 490 1370 519 cum
1408 491 1512 533 per
1525 491 1569 520 se
1600 477 1688 522 iam
1718 475 1844 521 dubi-

318 549 478 593 tationi
524 548 708 592 obnoxia
730 598 733 602 ⁸
756 562 846 600 esse
891 547 1038 599 debet,
1088 550 1184 591 tum
1232 551 1463 605 propterea
1510 549 1625 606 quod
1658 550 1844 608 ¹eaedem

323 621 565 677 scripturae
611 619 770 664 eisdem
818 619 922 665 locis
969 621 1014 663 et
1052 619 1094 663 in
1136 620 1176 664 D
1216 623 1261 665 et
1299 620 1419 665 ino
1457 623 1627 676 extant,
1669 637 1845 679 prorsus

321 692 585 750 repudianda.
632 693 711 746 est.
745 690 917 742 'Quare
964 707 1054 750 prov
1096 696 1215 740 certo
1262 693 1506 739 affirmare·
1531 693 1635 738 lieet
1676 693 1755 740 has
1792 694 1844 753 de

320 766 476 825 quibus
514 764 657 809 adhuc
695 765 861 822 egimus
901 766 1061 824 formas
1099 769 1144 810 in
1184 768 1278 824 ipso
1309 766 1350 809 V
1389 769 1590 810 exaratas
1629 766 1760 810 fuisse
1799 770 1845 810 et

318 837 416 883 inde
447 837 494 881 in
526 836 837 896 thransiisse.

438 910 532 961 Quo
571 910 855 955 fundamento
894 912 978 956 nisi
1019 912 1106 956 iam
1146 912 1302 956 fortius
1333 913 1660 971 progrediemur
1693 915 1738 955 et
1770 927 1843 957 eas

317 997 489 1041 quoque
521 983 684 1028 formas
715 984 892 1041 priscas,
925 999 1037 1042 quae
1067 985 1112 1029 in
1146 986 1237 1029 solo
1267 986 1321 1040 D,
1355 1002 1440 1031 non
1473 987 1517 1031 in
1541 984 1579 1030 O
1608 985 1841 1038 habentur,

320 1057 374 1100 ad
407 1057 566 1101 librum
600 1056 643 1100 V
674 1057 929 1117 referemus:

441 1129 548 1183 55,2

535 1206 733 1248 Demose
748 1219 844 1256 res,
876 1205 947 1246 ubi
977 1207 1058 1248 sint
1080 1212 1177 1248 tuae
1199 1207 1406 1249 tenebrae.

438 1278 676 1320 Demostres
718 1277 884 1321 habent
920 1277 961 1320 D
1000 1280 1045 1320 et
1084 1278 1197 1321 alter
1229 1277 1548 1322 Laurentianus
1580 1275 1685 1336 (La2
1727 1277 1841 1332 apud

316 1348 552 1406 Ellisium),
585 1351 806 1394 demostret
838 1365 883 1403 a,
916 1350 1049 1405 ceteri
1081 1343 1293 1393 usitatum
1326 1351 1579 1406 demonstres
1611 1349 1841 1399 exhibent;

315 1421 369 1464 cf.
404 1420 730 1465 Fleckeisenum
762 1421 808 1465 in
841 1420 986 1465 Iahnii
1017 1437 1120 1467 ann.
1155 1421 1231 1465 LX
1262 1437 1306 1479 p.
1341 1422 1442 1466 261.

435 1493 602 1539 Ibidem
623 1511 667 1552 p.
690 1495 780 1538 255
812 1493 924 1537 idem
954 1495 1019 1538 vir
1050 1495 1200 1540 doctus
1232 1497 1326 1554 agit
1357 1496 1409 1539 de
1441 1495 1657 1553 scriptura
1691 1508 1833 1546 cassa,

314 1583 447 1623 quam
481 1567 520 1609 D
554 1568 660 1619 6,10
692 1568 850 1612 habet:
1688 1557 1693 1563 ⁸

530 1640 707 1682 Attrita,
738 1642 980 1696 tremulique
1014 1656 1174 1684 cassa
1206 1644 1313 1686 lecti.

312 1711 363 1756 In
396 1711 539 1756 codice
578 1726 604 1754 a
644 1725 768 1755 cassa
806 1714 1060 1769 corruptum
1093 1716 1159 1757 est
1190 1713 1234 1757 in
1268 1728 1384 1766 casa,
1417 1713 1460 1756 in
1493 1713 1647 1757 ceteris
1679 1727 1836 1769 quassa

314 1785 527 1841 scriptum
561 1788 639 1828 est.

435 1857 508 1909 23,
512 1855 540 1899 8

531 1930 681 1974 Pulcre
714 1934 1042 1989 conquoquieis‚
1075 1934 1177 1976 nihil
1207 1934 1372 1976 timetis.

438 2003 734 2060 Conquoquitis
786 2004 920 2048 habet
969 2004 1032 2057 D,
1092 2007 1345 2062 concoquilis
1396 2004 1548 2055 ceteri;
1604 2003 1657 2048 ef,
1709 2003 1837 2048 Lucr.

314 2075 377 2120 VI
412 2075 515 2120 858.

434 2149 599 2206 61,127
634 2148 763 2208 (120)

530 2225 817 2267 Fascennina
848 2226 1000 2268 locutio

394 2300 398 2305 '
430 2294 485 2340 In
508 2294 545 2340 G
578 2298 623 2340 et
653 2296 698 2341 in
721 2297 938 2355 plerisque
960 2297 1083 2341 libris
1100 2298 1224 2342 extat
1243 2298 1499 2353 fescennina,
1523 2295 1569 2341 iu
1591 2295 1630 2339 D
1651 2298 1827 2352 faecen-

309 2373 410 2414 nina
427 2373 472 2413 et
489 2370 602 2413 idem
623 2369 691 2413 vel
709 2370 850 2413 simile
867 2370 1030 2427 aliquid
1048 2370 1094 2414 in
1115 2369 1152 2412 B
1174 2373 1219 2413 et
1241 2369 1337 2414 aliis
1359 2369 1614 2426 quibusdam
1637 2369 1834 2413 habetur.

310 2442 532 2501 Explicari
564 2445 711 2500 potest
742 2443 849 2488 haec
870 2442 1088 2500 scriptura
1120 2443 1233 2496 inde,
1266 2443 1379 2499 quod
1403 2447 1569 2487 veteres
1592 2442 1673 2487 hoc
1696 2442 1837 2486 adiec-

311 2518 449 2560 tivum
480 2531 506 2559 a
538 2531 640 2560 voce
671 2519 863 2573 fascinus
896 2516 1167 2560 derivabant.
1217 2516 1336 2568 Quae
1367 2516 1579 2560 derivatio
1601 2516 1689 2560 iam
1711 2515 1838 2558 Festo

310 2593 414 2634 nota
452 2593 568 2642 erat,
614 2604 667 2633 ex
704 2605 791 2647 quo
832 2589 992 2634 Paulus
1024 2604 1066 2647 p.
1101 2590 1159 2634 85
1193 2590 1296 2635 haec
1336 2590 1571 2646 excerpsit:
1608 2591 1837 2645 fescennini

309 2677 468 2716 versus,
501 2665 572 2719 qui
603 2665 863 2708 canebantur
892 2665 935 2706 in
967 2665 1135 2719 nuptiis,
1157 2678 1211 2706 ex
1242 2665 1344 2706 urbe
1367 2665 1621 2707 Fescennina
1643 2665 1836 2707 dicuntur

309 2738 429 2781 allati
473 2738 561 2780 sive
606 2738 700 2781 ideo
748 2739 869 2789 dicti,
917 2738 1016 2793 quia
1063 2738 1324 2791 fascinum
1371 2738 1629 2792 putabantur
1676 2752 1835 2780 arcere.

308 2808 462 2865 Itaque
503 2809 720 2866 scriptura
759 2809 837 2853 illa
875 2824 961 2852 non
987 2809 1173 2853 .videtur
1211 2810 1396 2867 simplici
1437 2825 1581 2853 errore
1623 2813 1721 2853 orta
1761 2808 1835 2851 sed

308 2882 552 2937 antiquitus
588 2882 751 2925 tradita
790 2898 893 2927 esse.
959 2881 1041 2925 Sed
1080 2882 1287 2937 quidquid
1320 2883 1371 2925 de
1402 2884 1491 2925 eius
1524 2884 1691 2939 origine
1723 2881 1835 2924 iudi-
