2087 3321
1036 253 1095 297 48

298 371 436 414 minus
469 374 722 428 probemus,
770 374 878 416 illud
924 375 1084 426 obstat,
1125 374 1239 430 quod
1278 376 1455 419 verbum
1493 375 1683 433 fingendi
1719 390 1817 419 cum

295 445 543 490 accusativo
589 447 797 490 materiae
844 461 955 502 quae
1007 446 1223 490 formatur
1270 436 1483 504 nmquam
1530 448 1635 492 alibi
1679 450 1815 493 extat.

295 516 551 562 Putabimus
585 519 720 577 igitur
751 518 883 561 etiam
914 518 1024 562 illud
1059 521 1216 574 finqere
1245 518 1376 562 nihili
1407 522 1677 577 pendendum
1712 537 1815 577 esse,

292 591 365 634 sed
405 607 523 635 mero
561 606 705 635 errore
744 605 798 634 ex
836 593 1022 647 frinqere
1062 595 1207 636 ortum
1246 606 1350 637 esse.
1415 592 1571 639 Restat
1601 597 1817 654 scriptura

290 666 421 719 serris
449 666 635 720 frinyere
666 666 871 717 duritiem,
904 678 959 707 ex
989 678 1076 720 qua
1108 663 1152 707 in
1184 664 1448 709 emendando
1478 666 1813 725 proficiscamur.

291 737 360 781 Ad
392 752 485 780 eam
519 737 715 792 proxime
746 737 911 781 accedit
943 740 1002 791 et,
1035 737 1071 779 si
1103 737 1332 781 literarum
1363 736 1517 781 ductus
1538 740 1813 797 respicimus,

291 825 498 866 maguam
528 809 887 865 probabilitatem
927 809 1061 853 habet
1091 812 1199 865 ferri
1229 812 1432 865 stm‘nqere
1462 812 1667 864 duritiem,
1699 813 1812 868 quod

288 883 495 940 Heysius,
536 880 809 935 Schwabius‚
858 881 1037 926 Ellisius
1082 882 1289 926 scribunt.
1356 880 1438 926 Sed
1485 882 1587 940 quid
1624 883 1706 928 hoc
1745 887 1812 929 est

288 959 449 1011 ferrum
481 954 714 1010 strinqere‘?
763 953 941 997 Ellisius
973 955 1293 1011 interpretatur
1323 958 1367 998 in
1389 959 1618 999 ⁴stricturas
1649 971 1809 1013 ocyore,

285 1030 399 1085 quod
439 1027 685 1072 sententiae
723 1026 850 1070 huius
889 1027 942 1071 tle
980 1041 1066 1083 quo
1099 1027 1248 1086 agitur
1273 1028 1370 1073 loci
1401 1043 1488 1074 non
1521 1029 1627 1073 satis
1659 1032 1809 1087 aptum

284 1102 468 1145 videtur.
549 1100 712 1144 Tamen
758 1103 962 1155 strinqere
1009 1116 1098 1143 non
1137 1101 1399 1145 reiciendum
1447 1117 1538 1146 esse
1576 1105 1697 1160 puto,
1736 1103 1809 1147 sed

283 1175 434 1232 paullo
466 1176 596 1219 aliter
617 1174 943 1231 explicandum:
974 1177 1179 1230 strinyere
1195 1177 1261 1218 est
1282 1191 1485 1231 premere,
1518 1179 1808 1233 compr-interm

282 1252 327 1291 et
363 1249 526 1303 ferrum
569 1249 772 1303 strinqere
812 1246 910 1290 inde
948 1246 1119 1291 videtur
1157 1248 1337 1292 cudendi
1376 1248 1597 1292 notionem
1629 1252 1806 1294 nactum

280 1336 385 1372 esse,
424 1321 540 1376 quod
571 1321 736 1363 ferrum
768 1319 871 1362 dum
903 1321 1076 1363 cuditur
1115 1321 1160 1363 in
1191 1321 1346 1364 incude
1377 1321 1626 1377 impositum
1659 1322 1807 1366 mallei

280 1393 438 1436 ictibus
470 1392 771 1449 comprimitur
803 1395 849 1435 et
879 1391 1098 1436 densatur.

403 1466 463 1509 64
484 1466 567 1508 102

466 1498 476 1518 ⁹
496 1541 578 1581 Aut
608 1546 779 1582 mortem
812 1546 1044 1594 oppeteret
1080 1540 1255 1583 Theseus
1287 1547 1360 1582 aut
1390 1542 1583 1595 praemia
1614 1541 1765 1585 laudis.

398 1608 436 1655 G
453 1613 498 1655 et
515 1612 713 1669 plerique
728 1611 894 1656 codices
911 1610 1346 1669 exhibentoppeteret‚
1364 1612 1474 1657 idem
1484 1611 1638 1656 leviter
1647 1613 1803 1670 depra-

274 1690 424 1731 vatum
457 1686 505 1729 in
537 1685 807 1729 Lachmanni
844 1685 972 1731 libris
1006 1688 1130 1729 extat
1163 1684 1223 1744 (D
1255 1693 1434 1742 wetere,
1475 1685 1511 1729 L
1542 1684 1731 1744 oppere),
1764 1685 1801 1730 Ο

272 1760 452 1816 praebet
484 1765 713 1815 appeteret,
745 1758 860 1814 quod
881 1759 970 1802 iam
992 1762 1228 1816 antequam
1250 1762 1447 1816 repertus
1468 1763 1547 1813 est,
1582 1759 1801 1803 nonnullis

273 1832 377 1875 viris
424 1832 562 1875 doctis
609 1832 754 1887 aptius
801 1832 940 1873 visum
988 1835 1032 1875 et
1071 1846 1209 1888 nuper
1248 1848 1274 1875 a
1314 1831 1579 1875 Baehrensio
1617 1832 1800 1888 aliisque

272 1904 620 1949 commendatum
658 1907 759 1949 est..
801 1902 873 1947 Ab
905 1904 1139 1961 appetendi
1178 1905 1309 1949 verbo
1341 1919 1428 1949 non
1460 1907 1562 1961 apte
1594 1904 1676 1948 hoc
1707 1904 1800 1948 loco

271 1981 430 2035 pendet
462 1986 654 2030 mortem3
688 1985 886 2033 appetere
918 1985 1088 2022 mortem
1110 1982 1177 2022 est
1199 1979 1309 2022 mori
1330 1993 1508 2035 cupere;
1540 1977 1627 2022 iam
1650 1981 1798 2022 autem

271 2052 491 2095 sententia
530 2067 616 2095 non
655 2066 705 2095 ea
743 2053 829 2103 est,
871 2054 919 2093 ut
959 2050 1150 2094 Ariadne
1191 2051 1452 2107 expalluisse
1483 2050 1667 2105 dicatur,
1699 2066 1798 2096 cum

270 2124 461 2167 Theseus
493 2129 646 2168 contra
678 2124 977 2167 Minotaurum
1010 2138 1207 2180 pugnare
1246 2124 1423 2180 cupiens
1461 2126 1540 2167 aut
1577 2125 1688 2167 mori
1719 2127 1797 2168 aut

268 2198 464 2253 praemia
485 2198 625 2241 laudis
647 2197 827 2253 adipisci
848 2198 1040 2253 cuperet,
1073 2197 1145 2240 sed
1167 2212 1265 2240 cum
1287 2195 1583 2241 Minotaurum
1605 2197 1796 2241 occidere

266 2271 443 2328 cupiens
476 2273 554 2315 aut
584 2270 716 2315 morti
753 2270 926 2314 obviam
957 2270 1042 2313 iret
1074 2273 1152 2313 aut
1183 2270 1376 2327 praemia
1397 2270 1537 2314 laudis
1555 2270 1794 2328 „adepturus

266 2348 390 2387 esset.
450 2344 500 2388 Id
532 2350 694 2396 autem,
732 2343 847 2400 quod
878 2358 957 2386 nos
995 2343 1306 2396 desideramus,
1339 2345 1471 2387 morti
1513 2344 1685 2387 obviam
1716 2343 1791 2396 ire,

266 2419 379 2461 inest
410 2419 455 2461 iu
478 2413 750 2476 ⁴pervulgata.
770 2417 958 2461 dictione
979 2424 1150 2461 mortem
1171 2425 1377 2473 oppetere.
1426 2416 1540 2461 Sane
1561 2415 1792 2473 oppetendi

265 2492 445 2534 verbum
484 2493 587 2547 apte
624 2493 799 2534 tautum
837 2490 890 2532 de
921 2492 1062 2532 morte
1100 2490 1280 2543 dicitur,
1317 2491 1510 2545 praemia
1548 2491 1687 2532 laudis
1715 2502 1792 2543 op-

263 2570 404 2618 petere
450 2578 535 2606 non
576 2562 703 2606 facile
727 2563 1011 2614 inveniatur,
1058 2562 1132 2605 sed
1170 2578 1268 2606 cum
1308 2570 1478 2607 mortem
1517 2564 1574 2605 et*
1600 2564 1792 2617 praemia

264 2639 403 2679 laudis
433 2637 557 2680 iuxta
589 2636 733 2692 posita
764 2635 864 2687 sint,
898 2635 942 2677 in
976 2650 1026 2678 ea
1060 2650 1105 2678 re
1138 2635 1403 2680 haerendum
1436 2651 1523 2679 non
1545 2639 1625 2688 est,
1658 2635 1789 2679 immo

265 2710 354 2753 tale
387 2710 572 2754 liberum
604 2723 742 2766 genus
774 2708 953 2770 dicendi,
986 2723 1071 2765 quo
1103 2706 1352 2766 saepissime
1383 2711 1537 2764 poetae
1568 2712 1613 2751 et
1635 2707 1786 2753 Graeci

263 2787 308 2827 et
340 2783 527 2827 Romani
559 2786 762 2835 utuntur,
794 2782 1000 2827 indicium
1039 2783 1238 2827 veritatis
1270 2781 1414 2838 potius
1446 2798 1575 2838 quam
1609 2797 1788 2837 corrup-

262 2859 377 2902 telae
408 2874 497 2902 esse
528 2858 668 2902 debet.
