2087 3321
922 555 1209 643 Vita.-

389 778 612 838 'Rudoifus
645 794 854 838 Albertus
887 794 1134 840 Theodorus
1168 794 1336 852 Sydow
1363 798 1490 840 natus
1529 811 1623 840 sum
1655 787 1826 841 Sedini'

278 872 318 915 d.
366 872 411 915 II
456 888 512 917 m.
562 872 763 918 Octobris
812 890 851 919 a.
904 876 943 919 h.
982 890 1015 918 s.
1059 873 1182 917 LVII
1228 876 1355 931 patre
1401 873 1611 929 Rudolfo‚
1661 871 1803 919 'matre

279 951 481 1007 Augusta
518 965 540 993 e
588 953 720 1009 gente
762 950 1036 1010 &egei-iana,
1075 967 1182 1008 quos
1223 951 1364 996 adhue
1406 954 1661 1009 superstites
1712 967 1802 996 esse

276 1018 457 1086 gaudeo.
521 1027 624 1090 Fide
657 1029 890 1073 institutus
921 1044 1016 1075 sum
1056 1030 1317 1086 evangelica.
1383 1030 1465 1073 Per
1505 1032 1666 1086 primos
1696 1037 1802 1087 pue-

276 1106 405 1160 ritiae
446 1122 582 1151 annos
627 1108 801 1165 privata
832 1108 1061 1165 disciplina
1093 1107 1323 1152 institutus
1370 1123 1486 1152 anno
1518 1108 1561 1153 h.
1594 1124 1627 1154 s.
1662 1089 1802 1154 LXIX

275 1188 322 1231 in
361 1192 566 1246 quartam
598 1188 779 1231 classem
817 1191 1014 1244 receptus
1046 1202 1139 1230 sum
1173 1188 1390 1246 gymnasii
1422 1188 1695 1245 municipalis
1725 1189 1802 1233 Se·
1857 1233 1860 1235 ,
1914 1187 1921 1190 ’
1950 1174 1985 1250 ¹2
2038 1190 2050 1237 ἶ

276 1265 486 1319 dinensis,
536 1265 649 1323 quod
696 1280 775 1323 per
828 1280 902 1310 sex
950 1280 1087 1310 annos
1140 1269 1184 1309 et
1234 1264 1459 1310 dimidium
1510 1265 1800 1323 frequentavi.
2012 1247 2022 1258 N

277 1344 636 1400 Praeceptoribus
668 1344 729 1388 ibi
771 1359 873 1388 usus
911 1359 1007 1388 sum
1039 1344 1428 1401 praestantissimis
1464 1347 1510 1388 et
1542 1345 1801 1390 benevolen-

274 1423 469 1475 tissimis‚
502 1423 577 1479 qui
610 1423 745 1467 etiam
784 1426 882 1479 post
920 1425 1150 1478 discessum
1183 1437 1327 1467 meum
1358 1438 1525 1480 semper
1558 1423 1801 1468 studiorum
1858 1454 1861 1457 >

276 1517 468 1545 meorum
516 1502 708 1547 fautores
757 1517 800 1545 se
849 1502 1158 1558 praebuerunt.
1230 1501 1503 1547 Maturitatis
1552 1502 1800 1546 testimonio

273 1581 513 1625 instructus
551 1581 880 1624 universitatem
929 1581 1156 1624 literarum
1203 1572 1521 1625 Berolinensem
1562 1581 1649 1625 adii
1686 1580 1798 1625 eius-

272 1675 356 1717 que
396 1660 561 1720 eivious
601 1659 844 1715 adscriptus
884 1674 961 1715 per
1000 1660 1132 1703 octies
1179 1674 1252 1705 sex
1302 1652 1465 1704 menses
1504 1659 1672 1703 scholas
1712 1659 1798 1702 fre-

272 1739 481 1795 quentavi
522 1738 713 1781 virorum
760 1738 1097 1784 clarissimorum
1137 1737 1279 1781 Curtii
1312 1737 1555 1782 Dillmanni
1587 1737 1797 1794 Droyseni

272 1816 449 1875 Geigeri
489 1815 695 1860 Harmsii-
724 1814 950 1859 Huebneri-
983 1815 1245 1873 Kirehhoffii
1287 1814 1542 1860 Mommseni
1582 1814 1798 1866 Muellenr

271 1896 395 1939 hoffii
429 1896 629 1940 Paulseni
663 1897 715 1939 de
748 1894 1009 1938 Treitsehkii
1044 1894 1235 1940 Vahleni
1264 1895 1594 1940 Wattenbaohii
1625 1893 1795 1938 Zelleri.

270 1972 499 2018 Seminarii
532 1974 746 2032 philologi
777 1990 855 2030 per
886 1978 1042 2030 quater
1073 1988 1147 2018 sex
1181 1989 1345 2018 menses
1375 1975 1532 2018 sodalis
1553 1974 1797 2019 ordinarius
1855 1998 1858 2001 ·

270 2053 534 2096 Kirehhoffii
566 2057 610 2096 et
643 2052 834 2096 vahleni
871 2052 1069 2095 doctrina
1108 2052 1275 2096 fruetus
1313 2068 1422 2096 sum.
1486 2053 1554 2096 Ad
1585 2036 1797 2097 amicita-

268 2131 408 2175 tiones
439 2131 493 2175 ab
531 2130 636 2187 ipsis
672 2130 917 2175 moderatas
958 2129 1214 2175 Huebnerus
1246 2112 1543 2190 Kirehlioffius
1583 2128 1797 2174 Muellen-

230 2237 240 2242 -
269 2209 430 2253 hosfius
458 2209 685 2253 Vahlenus
733 2209 901 2252 aditum
949 2209 1057 2251 mihi
1105 2210 1291 2267 benigne
1340 2210 1653 2253 concesseruut.
1716 2207 1797 2251 His

268 2287 373 2330 viris
405 2288 603 2331 omnibus
646 2291 695 2331 ut
726 2288 903 2345 egregia
940 2290 1043 2331 sunt
1075 2303 1222 2332 eorum
1255 2287 1306 2331 de
1340 2303 1408 2331 me
1427 2287 1597 2331 merita
1629 2286 1795 2344 gratias

270 2379 353 2424 ago
386 2366 722 2411 candidissimas.
