2087 3321
1007 256 1063 299 14

396 373 526 425 14,Ιὸ
559 378 696 436 opimo
727 378 782 417 al·
801 379 956 430 optimo

390 445 495 500 25‚3
529 461 786 491 arancoroso
818 450 863 491 a!
892 462 1098 492 araneoso

393 519 521 570 28,11
558 534 710 574 parum
742 522 786 562 al
813 522 914 575 pari

390 591 493 643 33‚4
526 593 737 635 voratiore
769 593 814 635 al
842 593 1073 636 volantiore

390 663 516 716 34‚21
543 665 626 707 scis
647 678 888 721 quecunque
908 666 981 707 eibi
1000 667 1139 721 placet
1161 668 1206 709 al
1223 669 1281 711 sis
1302 681 1545 724 quocunque
1559 671 1633 713 tibi
1648 673 1786 727 place!

387 736 493 789 40‚8
525 751 674 792 poema
708 739 753 780 al
780 752 893 793 pena
925 737 963 781 G
993 754 1104 795 pena
1137 742 1181 783 al
1208 739 1428 797 poema-B

387 810 491 862 42‚3
524 813 658 852 locum
691 812 736 853 al
764 813 899 854 iocum

389 883 734 934 50‚13‡0mnem„
752 885 797 926 al
826 898 954 927 essem

388 955 520 1008 62‚37
554 958 667 1012 quod
697 964 834 1000 tamen
867 958 911 999 al
938 957 1039 1012 quid
1059 954 1097 998 G
1128 959 1241 1013 quod
1271 965 1409 1002 tamen
1442 961 1485 1002 al
1515 961 1614 1016 quid
1644 954 1728 1002 tur'n
1754 958 1788 1002 Β

389 1030 491 1081 64,3
526 1031 767 1073 Fascidicos
799 1031 843 1073 ol
875 1031 1078 1072 Phasidos

388 1102 551 1154 64‚178
586 1104 813 1146 Idoneosne
845 1104 890 1145 al
919 1103 1139 1147 Idmoneos

391 1176 557 1227 64,283
591 1177 745 1218 curulis
778 1177 822 1218 al
852 1177 1018 1219 corollis

649 1247 678 1273 αι
695 1253 725 1272 ω

389 1284 554 1336 64,285
585 1287 727 1341 perdes
759 1282 796 1327 G
826 1287 970 1340 penies
1004 1283 1039 1327 B

389 1358 553 1409 64‚324
586 1364 716 1400 tulum
747 1371 852 1412 opus
884 1359 928 1399 al
958 1364 1000 1399 tu
1033 1365 1169 1401 tamen
1201 1360 1293 1412 opis
1315 1357 1352 1400 G
1385 1364 1513 1400 tutum
1546 1361 1661 1414 (opis
1682 1361 1788 1417 om.)

591 1432 635 1472 al
664 1437 848 1473 tutamen
879 1429 916 1472 B

389 1502 521 1556 66‚35
554 1504 628 1547 sed
660 1505 704 1546 al
733 1505 770 1547 si

388 1577 522 1629 66‚54
555 1579 719 1619 asineos
751 1579 795 1618 ol
826 1579 1014 1618 arsinoes
1046 1575 1082 1617 G
1116 1579 1302 1619 arsinoes
1335 1579 1380 1618 al
1409 1579 1565 1628 asinios
1596 1577 1632 1618 B

387 1673 553 1716 Ceteris
600 1673 705 1716 locis
752 1688 932 1716 numero
979 1674 1208 1730 sexaginta
1254 1673 1415 1725 tribus,
1462 1673 1619 1729 quibus
1667 1673 1711 1715 in
1752 1673 1790 1716 G

265 1745 457 1804 duplices
495 1745 737 1801 scripturae
776 1747 897 1798 suut,
941 1746 1050 1789 liber
1089 1744 1125 1788 Β
1164 1745 1419 1803 plerumque
1456 1746 1790 1789 alteramutram

265 1819 527 1874 scripturam
559 1818 756 1870 exhibet,
800 1819 925 1862 modo
957 1834 1072 1871 eam,
1113 1834 1223 1874 quae
1254 1818 1301 1861 in
1332 1818 1425 1874 ipso
1456 1821 1584 1861 textu
1615 1818 1717 1861 libri
1752 1817 1790 1860 G

265 1888 464 1935 exarata'
485 1891 571 1943 est,
614 1889 740 1935 modo
778 1905 894 1944 eam,
935 1905 1046 1949 quae
1086 1891 1202 1935 inter
1234 1904 1383 1939 ,versus
1416 1889 1483 1934 vel
1515 1890 1561 1934 iu
1593 1890 1789 1948 margine

265 1965 358 2007 eius
389 1967 533 2015 extat3
572 1966 722 2020 paucis
763 1967 937 2007 tantum
971 1965 1074 2008 locis
1106 1968 1309 2007 neutram
1340 1964 1534 2021 praebet,
1567 1964 1641 2008 sed
1668 1963 1790 2007 aliud

264 2025 388 2094 qnid,
431 2035 544 2093 quod
582 2049 726 2080 errore
764 2040 910 2082 ortum
949 2036 1133 2082 videtur.
1197 2035 1258 2080 Et
1288 2036 1366 2081 ,his
1398 2035 1571 2094 quidem
1603 2050 1689 2081 non
1722 2050 1790 2079 re-

264 2110 433 2152 fellitur
469 2108 513 2152 id
545 2109 659 2164 quod
695 2109 979 2154 Baehrensius
1020 2113 1151 2166 putat
1183 2109 1220 2152 G
1239 2110 1522 2166 'archetypon
1553 2105 1644 2152 esse
1675 2113 1790 2153 cete-

264 2196 413 2225 rorum
435 2182 669 2233 librorum;
691 2181 786 2225 fieri
803 2183 918 2226 enim
941 2185 1100 2240 potest,
1122 2185 1173 2225 ut
1189 2182 1330 2226 scriba
1347 2182 1447 2225 libri
1464 2181 1503 2224 B
1518 2182 1790 2239 undeviginti

265 2255 365 2298 illas
413 2254 606 2310 duplices
644 2255 882 2310 scripturas
915 2255 1115 2313 religiose
1157 2255 1450 2311 descripserit,
1490 2254 1645 2298 ceteris
1684 2255 1789 2298 locis

266 2328 466 2385 neglecta
500 2328 641 2371 altera
674 2328 889 2385 scriptura
921 2343 1017 2372 eam
1044 2331 1241 2380 tantum‚.
1265 2342 1376 2384 quae
1403 2327 1487 2371 sibi
1508 2327 1649 2371 verior·
1671 2327 1790 2372 vide-

264 2405 409 2451 retur,
450 2401 708 2444 exaraverit.
780 2398 874 2443 Iam
914 2403 1073 2452 autem⁴
1102 2400 1214 2444 illud
1251 2400 1679 2444 animadvertendum
1724 2403 1790 2444 est

265 2477 415 2517 extare
456 2473 501 2517 in
540 2473 683 2531 codice
715 2473 752 2518 Β
789 2477 966 2531 praeter
999 2473 1271 2531 undeviginti
1302 2473 1402 2517 illas
1420 2472 1623 2530 vduplices
1655 2472 1790 2530 scrip-

265 2548 387 2589 turas
409 2547 541 2590 etiam
565 2546 673 2591 alias
689 2561 868 2590 numero
884 2546 1245 2603 quattuordecim,
1268 2560 1452 2603 quarum
1468 2560 1542 2589 sex
1557 2549 1790 2590 occurrunt

264 2619 308 2662 in
350 2619 494 2675 priore
541 2619 781 2663 carminum
822 2618 1169 2663 Catullianorum
1208 2622 1334 2676 parte
1375 2633 1509 2676 usque
1548 2619 1602 2663 ad
1641 2618 1788 2672 66‚57‚

264 2694 433 2735 ceterae
465 2693 510 2735 in
543 2692 854 2748 posterioribus
886 2692 1163 2744 carminibus,
1205 2692 1251 2735 in
1282 2692 1439 2747 quibus
1471 2690 1508 2734 G
1541 2692 1684 2735 nullas
1714 2706 1789 2735 ex?

266 2763 388 2809 hibet
420 2764 613 2822 duplices
647 2765 902 2822 scripturas:

389 2849 491 2901 30‚9
523 2851 619 2893 inde
652 2852 697 2893 al
725 2852 832 2893 idem

387 2922 521 2973 39‚20
553 2926 761 2978 expolitot·
794 2926 839 2965 al
868 2926 1091 2978 expolitior
