2087 3321
992 204 1052 247 59

266 327 406 373 monis
436 326 585 371 Latini
624 339 924 384 agnoscamus,
947 341 1097 383 .quam
1132 325 1189 369 ab
1220 324 1533 381 interpolatore
1561 328 1778 382 repertam

268 415 358 444 esee
390 398 595 444 credibile
625 414 711 452 non
741 403 821 445 eet.
884 399 1080 456 Denique
1117 398 1229 457 quod
1266 415 1297 444 a
1323 395 1554 443 Schwabio
1584 397 1778 443 animad-

268 486 438 520 versum
477 487 563 517 non
602 474 691 528 est,
728 473 946 518 sententia
978 472 1176 517 versiculi
1205 485 1382 530 prorsus
1412 469 1661 516 &tulliana
1690 472 1778 522 θείς

267 545 469 589 similiter
513 547 628 591 enim
670 549 801 605 poeta
848 547 902 591 ad
938 545 1207 591 Verannium
1251 546 1437 592 amicum
1474 559 1531 590 ex·
1566 542 1779 601 Hispania

266 632 487 664 reversum
517 619 671 678 scribit
695 619 841 675 ,9,6.7-,;
1028 671 1030 674 ,
1219 607 1250 661 ᾖ
1402 672 1404 674 .

489 693 625 736 Visam
656 699 695 735 te
724 694 966 743 incolumem
996 693 1248 747 audiamque
1277 692 1493 736 Hiberum.

482 767 735 809 Nar-ramam
765 767 875 818 loca,
904 766 1040 820 facta,
1070 766 1271 810 nationes.

266 837 412 895 Atque
449 840 598 882 nostro
637 837 731 882 loco
760 837 1030 882 sententiam.
1052 836 1237 881 similem
1269 836 1461 894 quidem,
1500 835 1572 879 sed
1603 850 1777 892 prorsus

267 911 396 955 aliter
429 910 701 956 enuntiatam
731 911 952 963 habemus,
982 913 1034 955 ut
1064 925 1117 954 ne
1147 910 1191 955 id
1211 909 1385 968 quidem
1404 907 1614 967 suspicari
1633 909 1776 963 liceat,

175 1021 180 1027 .
265 983 624 1041 interpolatorem
654 984 866 1042 quendam
895 983 1089 1029 versibus
1119 983 1207 1028 illis
1238 983 1293 1028 ad
1314 980 1585 1047 Verannium
1606 980 1778 1038 scriptis

264 1074 390 1103 usum
420 1071 523 1102 eme.
586 1055 823 1103 'Offensioni
851 1060 999 1103 autem
1029 1058 1075 1102 in
1106 1057 1187 1102 hoc
1218 1071 1366 1101 versu:

398 1129 401 1131 ’
471 1131 683 1188 Alloquar
713 1132 887 1175 audiero
916 1145 1140 1187 numquam
1174 1138 1248 1174 tua
1263 1134 1398 1190 facta
1427 1131 1656 1186 loquentem

260 1200 392 1248 debet
420 1218 519 1247 esse
554 1206 803 1248 contortum
837 1218 973 1262 genus
1010 1203 1200 1256 ‹licendi;
1235 1219 1337 1248 nam
1378 1216 1516 1260 neque
1553 1214 1777 1258 numquam

264 1277 365 1334 apte
404 1275 458 1321 ad
498 1278 733 1334 utrumque
772 1276 954 1321 verbum
988 1277 1035 1320 et
1072 1277 1266 1333 alloquar
1302 1278 1348 1321 et
1384 1276 1558 1319 audiero
1588 1273 1776 1319 refertur

263 1363 399 1408 neque
413 1351 641 1407 loquentem
656 1350 873 1395 obiectum
888 1364 980 1394 esse
995 1352 1139 1407 potest
1153 1349 1276 1397 verbi
1283 1351 1491 1406 alloquar,
1507 1346 1620 1405 quod
1627 1349 1776 1395 tamen

262 1421 339 1467 suo
355 1423 524 1468 obiecto
543 1425 676 1468 caret.
707 1421 854 1480 Atque
874 1423 955 1468 hoc
968 1422 1258 1469 Baehrensius
1279 1421 1526 1481 significare
1541 1420 1712 1465 videtur
1731 1435 1776 1478 p.

261 1494 470 1548 XXVIII,
485 1496 562 1541 ubi
577 1496 710 1540 verba
725 1495 803 1540 illa
817 1511 904 1542 non
912 1497 1219 1555 benecopulari
1230 1489 1653 1548 ἀσυνὸἐτωςιιιοῐιθὶ.
1669 1493 1776 1539 Inde

263 1570 408 1613 autem
416 1568 713 1626 sequitui-‚non
722 1567 834 1625 quod
844 1569 918 1613 ille
929 1571 1037 1624 vult,
1044 1585 1220 1614 versum
1226 1570 1281 1614 ab
1288 1569 1601 1626 interpolatore
1608 1566 1777 1625 profec-

261 1645 357 1685 tum
372 1655 464 1686 esse
481 1665 539 1673 —-
556 1656 660 1685 nam
676 1655 730 1685 ne
745 1640 782 1683 is
797 1641 969 1698 quidem
984 1642 1136 1700 opinor
1153 1646 1245 1687 tam
1259 1645 1456 1687 contorte
1469 1640 1774 1698 scripsisset-

262 1714 335 1760 sed
372 1717 475 1758 ante
512 1728 685 1759 versum
722 1713 848 1757 illum
884 1730 1017 1759 unum
1056 1716 1213 1760 saltem
1250 1715 1465 1761 distichon
1495 1711 1775 1759 intercidisse.

177 1826 179 1830 ,
263 1787 409 1845 Atque
440 1786 745 1839 Lachmannus
786 1777 873 1830 tria
913 1787 1097 1832 inseruit
1134 1803 1187 1832 ex
1218 1788 1474 1841 68,20-24
1504 1790 1552 1830 et
1581 1786 1775 1839 92-96,

261 1863 312 1904 ut
358 1863 496 1904 staret
540 1859 799 1917 paginarum
845 1859 923 1905 illa
969 1875 1100 1917 quam
1138 1861 1331 1906 instituit
1367 1859 1650 1921 computatio.
1711 1859 1777 1904 De

263 1947 350 1990 qua
380 1931 577 1990 pluribus
607 1931 679 1976 hic
709 1931 917 1976 disserere
949 1933 1161 1986 nolumus,
1194 1932 1317 1976 nobis
1338 1932 1382 1975 id
1402 1934 1580 1976 tantum
1601 1933 1776 1989 respici-

263 2006 419 2050 endum
452 2006 645 2059 videtur,
683 2005 895 2062 quomodo
926 2007 1202 2052 enuntiatum
1232 2005 1341 2051 illud
1371 2005 1623 2063 expleverit,
1654 2005 1775 2051 cuius

260 2093 397 2124 unum
435 2078 615 2122 verbum
654 2076 825 2122 finitum
863 2081 1057 2137 alloquar
1093 2084 1314 2124 servatum
1350 2082 1430 2123 est.
1492 2079 1613 2130 Quod
1645 2094 1774 2136 quam

259 2154 362 2208 apte
408 2154 540 2208 atque
586 2153 766 2196 venuste
816 2152 891 2197 ille
944 2154 1118 2207 fecerit,
1164 2155 1216 2198 ut
1261 2155 1486 2212 appareat,
1533 2152 1775 2200 adscribam

262 2224 412 2269 verba:

547 2299 782 2354 Numquam
812 2314 888 2355 eqo
919 2306 973 2353 te,
1005 2302 1156 2345 misero
1186 2302 1324 2355 frater
1354 2300 1545 2357 adempte
1576 2303 1688 2355 mihi,

476 2370 692 2427 Alloquor,
724 2373 898 2415 audiero
928 2386 1152 2429 numquam
1182 2378 1257 2415 tua
1286 2375 1407 2428 sacta
1437 2375 1679 2430 loquentem,

549 2445 782 2500 Numquam
812 2458 888 2500 eqo
919 2449 973 2497 te,
1004 2446 1092 2488 vita
1122 2447 1261 2500 frater
1291 2447 1524 2499 amabilior,

474 2517 697 2573 Aspiciam·
715 2519 904 2575 posthac.

259 2590 299 2633 A
339 2589 512 2635 Catullo
549 2589 687 2649 igitur
724 2605 893 2636 versum
938 2591 1061 2636 illum
1100 2591 1339 2650 profectum
1378 2607 1471 2638 esse
1505 2593 1772 2647 obtinemus;

260 2663 374 2721 quod
413 2663 450 2706 si
488 2666 606 2708 recte
644 2659 846 2719 facimus,
892 2667 1076 2724 apparet
1116 2664 1156 2709 D
1196 2681 1281 2710 non
1301 2680 1374 2712 ex
1411 2665 1451 2709 G
1488 2665 1562 2711 sed
1592 2668 1772 2726 propria.

258 2736 429 2781 ratione
483 2752 537 2781 ex
574 2736 617 2782 V
662 2737 856 2784 fluxium
924 2739 1040 2785 Illud
1086 2754 1218 2784 unum
1266 2738 1435 2784 videtur
1482 2740 1772 2798 explicatione

260 2823 401 2870 egere,
433 2810 645 2868 quomodo
682 2812 848 2856 factum
878 2813 957 2867 sit,
995 2815 1047 2855 ut
1078 2814 1123 2856 in
1153 2813 1255 2856 solis
1287 2812 1354 2856 his
1385 2813 1509 2859 libris
1541 2814 1770 2859 DP¹aAcd

255 2883 412 2929 >Amba
430 2882 485 2928 D.
504 2883 562 2928 24
572 2883 666 2929 Vic.
685 2883 803 2930 Ricc.
827 2885 898 2930 hie
920 2901 1065 2930 versus
1087 2887 1221 2939 extet,
1254 2901 1280 2930 a
1303 2885 1479 2944 reliquis
1502 2887 1630 2940 absit.
1675 2887 1768 2940 Qua
