2087 3321
998 196 1062 242 Ἃ

263 317 406 372 prium
434 318 488 359 sit
509 306 684 363 leontinis
703 331 879 367 nomem
911 319 1101 370 turbinis,
1134 319 1171 360 si
1190 319 1419 375 procellam
1438 320 1686 373 vome-jutus
1705 287 1813 369 ’σῶξεψ
1825 292 1863 355 ᾸΣΤΪ,

264 392 451 442 prim
487 397 561 433 aut
599 393 643 433 ia
674 404 744 441 eo,
784 392 916 445 inqmt
948 391 1126 441 Plinius,
1172 393 1247 446 qui
1277 397 1338 434 est
1367 406 1412 436 m
1442 394 1535 436 lusu
1565 404 1796 447 puerorum
1841 440 1847 448 ¹

150 461 153 465 ’
195 482 202 485 ⁴
263 464 347 506 etc.
380 466 427 506 et
458 452 610 519 paullo
638 464 758 518 post.
794 462 956 507 Turben
990 462 1192 506 Tibullus.-
1291 507 1293 509 ,

212 541 215 543 ’
481 535 671 589 Namque
702 547 809 589 ⁰902·
838 541 884 576 ut
911 547 1001 588 per
1015 536 1146 587 plana
1178 537 1282 579 citus
1308 536 1401 579 sola
1424 538 1789 586 verberetur-bem
1852 597 1856 600 .
1909 532 1963 594 f„

267 623 385 663 quem
422 609 542 650 Maro
567 608 649 649 VII
676 609 890 650 turbonem
921 608 1067 651 vocat.-

843 685 978 723 tortus
1007 680 1084 723 sub
1116 680 1287 722 verbere
1319 682 1452 723 turbo.

265 752 383 797 Haec
422 751 507 795 duo
548 752 935 808 grammaticorum
976 752 1249 805 testimonia,
1287 752 1396 800 illud
1429 751 1568 796 Servii
1606 754 1790 799 etfbaee

263 823 477 877 Charisii,
516 823 553 867 si
586 822 684 880 quis
715 823 865 880 paullo
897 823 1141 868 accuratius
1172 824 1461 885 perpenderit,
1494 825 1622 882 plura
1654 821 1831 869 offen-³
1881 839 1887 842 “

263 897 365 940 dere
397 897 571 941 debent.
624 895 820 939 Primum
852 900 898 940 et
929 899 974 940 in
1000 896 1187 954 Vergilii
1217 898 1326 942 Aen.
1360 896 1446 940 VII
1478 898 1707 942 3781urbo
1745 901 1791 942 et

263 967 307 1010 in
345 966 508 1011 Tibulli
542 967 563 1010 I
587 955 668 1020 5‚3'
693 969 839 1012 turben
870 967 921 1012 de
953 981 1186 1024 puerorum
1218 969 1315 1012 lusu
1348 969 1527 1022 dieitur3
1559 970 1605 1014 in
1626 969 1791 1014 Catulli

267 1044 417 1083 autem
451 1055 591 1092 versu,
625 1041 677 1083 de
709 1056 795 1096 quo
827 1041 991 1096 agitur,
1023 1043 1144 1084 turbo
1177 1040 1387 1097 idempest
1418 1057 1469 1085 ae
1490 1043 1693 1098 procella,
1726 1042 1790 1085 ita

264 1115 317 1154 ut
350 1112 495 1156 minus
536 1115 639 1169 apte
672 1111 836 1155 Catulli
878 1126 1009 1168 quam
1042 1112 1206 1156 Tibulli
1238 1126 1384 1156 versus
1416 1128 1511 1157 cum
1548 1113 1733 1171 Vergilii
1764 1129 1790 1156 a

264 1183 416 1228 Servio
448 1185 647 1242 componi
680 1185 892 1228 videatur.
941 1185 1052 1228 Tum
1084 1185 1192 1229 illud
1226 1186 1539 1242 respiciendum
1561 1190 1641 1239 est,
1675 1187 1791 1244 quod

262 1255 486 1302 Charisius
493 1256 659 1302 Tibulli
677 1257 850 1314 quidem
869 1261 913 1301 et
926 1256 1108 1315 Vergilii
1129 1272 1275 1306 versus
1291 1259 1443 1303 laudat
1459 1262 1592 1315 atque
1603 1257 1791 1317 Vergilii

262 1331 448 1374 eundem
465 1331 590 1374 illum
608 1330 696 1374 VII
719 1330 821 1383 378,
846 1331 900 1373 ad
916 1345 1045 1385 quem
1067 1329 1205 1374 Servii
1222 1332 1449 1377 annotatio
1464 1322 1627 1387 scripta
1643 1336 1722 1383 est,
1740 1332 1790 1375 de

262 1402 438 1447 Catullo
461 1405 599 1454 tacet3
623 1405 849 1460 praeterea
866 1403 981 1458 quod
997 1417 1049 1446 ex
1074 1403 1214 1459 primo
1237 1401 1372 1446 trium'
1389 1401 1563 1447 illorum
1581 1404 1787 1456 locorum,

262 1476 336 1518 ubi
348 1476 436 1519 ait:
458 1490 542 1518 mm
558 1482 601 1517 ut
611 1477 781 1529 quidam
788 1477 909 1517 stulte
917 1477 983 1518 hic
992 1477 1139 1519 turben
1146 1477 1342 1527 dixerunt
1357 1488 1386 1528 p
1396 1490 1422 1517 η
1432 1491 1454 1518 e
1464 1491 1519 1519 ro
1528 1491 1552 1518 r
1560 1492 1584 1518 u
1592 1491 1630 1520 m
1638 1509 1652 1528 ,
1668 1476 1790 1519 eolli-

260 1548 383 1607 gitur
405 1549 444 1591 ei
466 1536 575 1591 illud
598 1550 771 1591 tantum
795 1550 947 1591 notum
967 1546 1097 1591 fuisse
1116 1547 1227 1591 hanc
1243 1547 1357 1592 vocis
1375 1547 1558 1592 formam
1576 1548 1628 1592 de
1645 1548 1789 1592 obleee

260 1619 425 1665 tamine
447 1632 748 1677 puerorum,
783 1634 869 1663 non
892 1619 943 1663 de
965 1620 1156 1676 procella
1179 1622 1433 1676 usurpatam
1454 1633 1557 1664 esse.
1592 1621 1789 1676 Denique

260 1694 306 1736 in
346 1692 486 1737 Servii
533 1692 783 1736 testimonio
830 1695 1005 1748 praeter
1045 1691 1212 1736 Catulli
1258 1693 1510 1736 memoriam
1558 1693 1668 1736 nihil
1708 1696 1788 1744 est,
1818 1711 1823 1715 ’

262 1765 376 1824 quod
420 1780 508 1809 non
548 1765 663 1822 apud
697 1763 943 1808 Charisium
984 1764 1212 1808 habeatur.
1277 1764 1442 1816 Quibus
1480 1763 1677 1807 omnibus
1698 1763 1791 1807 ¹hoe

260 1839 433 1882 videtur
480 1837 767 1881 demonstrari
814 1841 858 1879 et
908 1836 1046 1880 Servii
1094 1840 1138 1880 et
1177 1836 1362 1882 Charisii
1402 1836 1704 1882 adnotationes
1737 1843 1790 1879 ex

263 1910 410 1955 eodem
443 1910 565 1955 fonte
597 1908 815 1953 derivatas
839 1923 944 1963 esse,
978 1909 1068 1953 eius
1090 1911 1235 1961 autem
1258 1909 1443 1954 formam
1465 1912 1516 1957 ut
1536 1907 1788 1966 pleniorem,

261 1985 321 2029 sie
361 1984 582 2040 puriorem
621 1982 857 2025 servavisse
889 1970 1154 2035 Charisium,
1192 1981 1331 2026 Servii
1365 1997 1464 2025 vero
1495 1976 1788 2025 testimonium

263 2072 355 2101 non
381 2055 435 2101 ad
469 2054 691 2101 Catullum
725 2055 798 2099 sed
833 2054 887 2099 ad
920 2054 1144 2100 Tibullum
1175 2055 1399 2113 respicere.
1450 2054 1573 2107 Quod
1605 2054 1641 2097 si
1673 2056 1791 2097 recte

260 2129 509 2180 statuimus,
532 2128 646 2184 apud
664 2127 887 2171 Catullum
903 2130 1025 2171 turbo
1043 2129 1314 2173 retinendum
1333 2132 1412 2182 est,
1435 2128 1550 2184 apud
1566 2126 1788 2170 Tibullum

261 2205 423 2256 autem,
456 2202 530 2246 ubi
563 2215 712 2245 omnes
743 2201 907 2245 codices
940 2201 1078 2246 nostri
1110 2202 1232 2246 turbo
1264 2201 1486 2253 exhibent,
1525 2198 1790 2258 confidenter

265 2277 413 2319 turben
446 2274 775 2319 restituendum.

387 2348 469 2393 Hic
519 2347 651 2391 etiam
693 2362 832 2404 pauca
872 2351 1027 2391 contra
1067 2346 1267 2399 Ellisium
1307 2347 1518 2391 monenda
1559 2349 1673 2399 nunt,
1715 2345 1790 2401 qui

261 2437 302 2479 p.
344 2419 520 2467 XXXII
573 2420 625 2463 de
674 2420 829 2464 codicis
878 2420 916 2463 D
958 2424 1118 2464 natura
1158 2420 1371 2467 disserens
1410 2420 1647 2476 scripturas
1679 2433 1789 2462 non-

260 2493 408 2538 nullas
443 2507 495 2535 ex
529 2508 578 2535 eo
610 2494 869 2549 composuit,
902 2509 1010 2549 quas
1048 2493 1360 2550 antiquitatem
1393 2493 1606 2548 quandam
1637 2506 1789 2548 ,sapere

261 2565 518 2609 arbitratur.
584 2565 679 2617 Qua
721 2567 767 2609 in
809 2581 854 2609 re
893 2566 1024 2625 longe
1064 2582 1089 2610 a
1128 2581 1228 2613 vero
1267 2566 1488 2610 aberravit
1528 2566 1593 2608 vir
1624 2565 1793 2619 doetus5

260 2652 364 2681 nam
398 2638 487 2681 fere
519 2652 669 2683 omnes
702 2639 802 2684 illas
834 2654 942 2694 quas
975 2639 1130 2682 attulit
1162 2638 1400 2695 scripturas
1423 2638 1554 2682 meris
1574 2637 1790 2681 erroribus

263 2719 381 2755 ortas
435 2726 525 2755 esse
575 2713 744 2755 eertum
798 2715 879 2756 est.
944 2711 1096 2755 Veluti
1144 2710 1256 2767 quod
1307 2711 1440 2763 1214
1488 2725 1568 2767 pro
1601 2708 1790 2769 genuino
1815 2741 1817 2747 .

261 2786 449 2827 Saetaba
482 2784 526 2827 in
550 2783 590 2826 D
616 2785 815 2828 Thessala
847 2786 1074 2828 exaratum
1107 2786 1187 2836 est,
1221 2781 1392 2840 vulgari
1414 2782 1490 2826 illo
1513 2772 1795 2827 librariorum

267 2871 414 2904 errore
446 2860 598 2902 natum
639 2860 726 2911 est,
769 2871 854 2915 quo
893 2857 1084 2903 ordinem
1124 2856 1394 2915 singularum
1435 2854 1662 2898 literarum
1695 2866 1794 2909 per-
