2087 3321
1018 243 1076 287 63

284 365 331 409 in
368 364 409 407 D
452 349 683 408 h'aben'ssur.
750 363 939 424 Quarum
979 379 1002 423 e
1042 377 1218 406 numero
1257 361 1448 419 primum
1498 376 1570 406 eas
1611 364 1803 415 afferam,

285 451 396 496 quae
425 438 471 480 et
502 436 548 497 ἰιι
580 433 620 478 D
651 437 696 478 et
727 435 774 479 in
806 434 844 479 O
874 419 1095 493 leguntur,
1129 449 1228 477 cum
1257 434 1305 477 in
1334 432 1374 477 G
1405 447 1493 476 non
1529 437 1700 479 extent:

405 507 576 552 Primus
614 507 731 552 locus
760 510 829 553 est
858 507 905 551 in
935 506 1126 551 carmine
1161 506 1210 559 1,
1252 505 1372 550 cuius
1404 505 1450 548 iu
1480 505 1567 549 fine
1605 491 1803 569 Catullus

286 583 439 638 optare
470 595 515 625 se
543 581 788 637 profitetur,
819 582 872 624 ut
903 578 1146 640 carminum
1176 590 1352 623 suorum
1385 564 1562 622 libellus

502 655 602 700 Plus
629 671 712 700 uno
742 659 910 699 vaaneat
938 667 1169 709 peremne
1202 653 1355 695 saeclo.

290 727 483 770 Peremne
522 726 584 771 ibi
620 727 666 771 in
697 726 739 770 V
770 721 983 792 scriptum
1020 716 1152 768 fuisse
1187 738 1267 781 pro
1299 725 1419 784 cetto
1451 711 1675 767 affirmare
1703 722 1807 766 licet

286 784 516 857 propterea
547 800 661 857 quod
691 800 737 844 in
769 798 807 843 O
839 800 962 843 extat
992 794 1109 854 peri’e'
1139 796 1177 843 i.
1201 812 1238 842 e.
1270 799 1499 853 perime.
1494 794 1574 840 In
1597 794 1651 838 D
1658 798 1804 840 autem

284 888 476 929 peremne
531 887 617 916 non
662 873 748 916 nisi
793 887 847 915 ex
888 869 930 912 V
967 870 1156 913 transire
1193 871 1396 929 poiens,
1446 884 1549 913 nam
1593 868 1630 911 G
1672 869 1807 912 habet

290 961 484 1000 perenne.

410 1016 483 1071 35,
490 1016 551 1061 18

504 1091 661 1145 Mayna
696 1088 875 1131 Caecilio
905 1089 1147 1131 incohata
1178 1088 1324 1132 mater.

410 1160 591 1207 Veteres
623 1176 722 1205 usos
753 1174 843 1204 esse
874 1160 956 1204 hac
976 1160 1116 1204 forma
1136 1163 1333 1205 incohata
1353 1160 1509 1213 scimus
1533 1163 1578 1205 et
1601 1173 1654 1205 ex
1672 1160 1806 1206 Gellii

289 1234 537 1278 testimonio
590 1233 716 1294 (IL-3)
764 1239 809 1274 et
856 1246 908 1275 ex
955 1232 1146 1288 antiquis
1198 1234 1458 1289 scriptorum
1511 1232 1804 1277 Romanorum

288 1300 515 1351 codicibus.
577 1304 631 1349 In
674 1303 716 1347 V
753 1319 849 1349 eam
895 1306 1120 1349 exaratam
1157 1304 1287 1349 fuisse
1325 1304 1548 1363 colligitur
1587 1312 1645 1349 ex'*
1676 1307 1806 1349 'testi-

287 1379 431 1424 monio
469 1377 625 1423 codicis
665 1376 715 1421 Ο.
783 1376 1011 1422 Praeterea
1046 1378 1093 1421 in
1133 1392 1172 1421 v.
1217 1378 1272 1421 13
1315 1376 1443 1421 huius
1474 1378 1678 1421 carminis
1712 1393 1806 1423 cor-

287 1454 467 1508 ruptum
505 1450 613 1494 illud
652 1452 884 1494 indotatam
921 1450 1014 1494 sine
1051 1450 1181 1494 dubio
1219 1454 1364 1495 ortum
1400 1453 1468 1495 est
1506 1465 1557 1494 ex
1589 1451 1806 1509 scriptura

286 1526 537 1576 incohatam
579 1537 666 1567 non
704 1525 952 1567 inchoatam.
1015 1523 1157 1574 Quare
1195 1522 1328 1566 etiam
1365 1521 1414 1565 in
1445 1521 1487 1564 D
1523 1522 1721 1568 incohata
1754 1540 1807 1568 ex

289 1596 331 1640 V
361 1596 583 1641 transiisse
622 1596 892 1653 putabimus,
929 1611 1016 1640 non
1053 1610 1155 1641 casu
1191 1593 1334 1640 ortum
1368 1608 1460 1638 esse
1491 1609 1546 1640 ex
1577 1596 1733 1642 codicis
1768 1596 1806 1640 G

289 1670 505 1727 scriptura
535 1671 747 1714 inchoata.

410 1742 531 1803 Idem
576 1742 850 1787 indicandum
896 1742 1066 1787 videtur
1104 1742 1156 1787 de
1203 1742 1264 1786 eis
1310 1741 1428 1797 locis,
1474 1742 1632 1799 quibus
1679 1741 1725 1786 in
1763 1741 1806 1786 ‘D

288 1815 476 1858 habetur
518 1829 791 1872 posquam,
840 1817 885 1859 et
932 1814 971 1858 G
1016 1818 1061 1858 et
1106 1815 1259 1860 ceteris
1306 1814 1520 1859 codicibus
1564 1822 1807 1873 postquam:

295 1887 437 1939 1123.
478 1887 806 1941 64‚303.84‚11.
869 1886 985 1931 Illud
1024 1889 1140 1933 enim
1176 1889 1221 1932 in
1269 1888 1351 1931 hac
1397 1902 1444 1931 re
1490 1887 1807 1947 neglegendum

289 1974 377 2004 non
429 1961 515 2012 esi,
568 1960 681 2017 quod
735 1960 781 2003 in
827 1958 865 2003 O
908 1949 1003 2016 post
1046 1960 1265 2005 interdum
1311 1960 1563 2017 compendio
1609 1960 1806 2005 adhibito

290 2032 350 2075 sic
414 2034 444 2088 ἴ)
511 2033 721 2088 εοιίΡίιιιιιι
784 2035 895 2075 θείη
950 2033 1344 2086 64,303,396.67,6
1396 2040 1637 2089 postquam,
1705 2033 1806 2086 84‚9

289 2107 480 2161 postilla,
530 2105 812 2159 64‚278‚322.
861 2104 995 2158 66‚80
1039 2113 1148 2163 post.
1210 2105 1331 2158 Quod
1370 2104 1682 2163 compendium·
1708 2120 1805 2150 cum

290 2192 369 2234 pro
408 2192 456 2221 us
492 2177 598 2234 poni
634 2178 792 2231 soleat,
832 2177 884 2222 cf.
916 2178 1071 2223 Baehr.
1106 2194 1208 2224 ann.
1240 2180 1339 2224 crit,
1371 2177 1425 2222 ad
1458 2171 1605 2231 64,st
1636 2179 1745 2223 illud
1773 2180 1807 2235 ῤ’

290 2267 376 2296 ιιοιι
421 2258 515 2307 post
561 2251 633 2294 sed
681 2266 758 2308 pos
804 2251 1107 2308 explicandum
1153 2255 1220 2297 esi:
1259 2254 1305 2296 et
1343 2251 1587 2309 ponendum
1628 2255 1695 2296 est
1725 2252 1805 2296 hoc
1841 2311 1844 2314 Α

291 2325 431 2381 ipsum
471 2324 517 2366 in
548 2322 589 2365 V
629 2328 856 2376 exaratum
893 2325 1024 2369 fuisse
1061 2328 1194 2383 atque
1233 2340 1286 2369 ex
1323 2326 1406 2369 hoc
1436 2327 1530 2368 tum
1562 2325 1607 2367 in
1624 2324 1677 2387 'O
1710 2311 1805 2368 tum

291 2398 337 2440 in
368 2397 408 2440 D
440 2396 752 2452 transcriptum
782 2411 886 2450 esse.
934 2397 973 2441 G
1004 2399 1118 2442 enim
1149 2398 1307 2455 ubique
1336 2406 1558 2455 postquam
1578 2400 1624 2441 et
1643 2398 1809 2443 similia

291 2468 483 2513 exhibet.
546 2466 733 2512 Videtur
769 2471 917 2513 autem
955 2472 1006 2514 ut
1049 2470 1130 2514 hoc
1165 2470 1319 2514 addam
1357 2471 1653 2528 compendium
1690 2472 1802 2528 quod

292 2542 335 2583 in
359 2540 396 2583 Ο
429 2545 552 2584 extat:
584 2541 695 2584 idem
726 2557 817 2586 esse
848 2546 980 2599 atque
1002 2543 1124 2596 illud,
1157 2543 1304 2599 quod
1291 2558 1334 2586 m
1356 2543 1570 2587 codicibus
1591 2543 1806 2590 Plautinis

218 2630 220 2632 ·
293 2610 553 2662 habemus’
569 2613 616 2657 in
646 2613 704 2670 ρ’,
744 2614 799 2659 cf.
831 2614 1015 2660 Ritsehl.
1048 2630 1192 2673 opusc.
1226 2614 1289 2673 (II
1320 2613 1443 2674 549),
1486 2616 1566 2660 nisi
1600 2617 1717 2674 quod
1750 2620 1807 2662 ab

293 2686 390 2728 aliis
420 2686 609 2728 librariis
638 2688 789 2741 paullo
819 2689 949 2731 aliter
980 2689 1215 2732 formatum
1246 2692 1324 2733 est

413 2756 609 2814 Denique
657 2758 714 2801 64
718 2758 821 2812 ‚326
863 2759 901 2803 D
946 2774 1059 2804 cum
1091 2760 1152 2803 eis
1191 2759 1316 2804 libris
1354 2760 1462 2806 facist,
1500 2763 1575 2819 qui
1611 2769 1808 2809 secuntur

293 2831 502 2874 exhibent
530 2830 716 2883 BLa·O‚
749 2847 845 2875 cum
868 2836 914 2877 in
936 2833 972 2875 G
996 2836 1041 2875 et
1061 2834 1216 2877 ceteris
1237 2839 1464 2878 exaratum
1487 2837 1545 2879 sit
1564 2843 1803 2893 sequuntur,

293 2904 346 2947 cf.
362 2930 365 2934 ›
384 2920 423 2949 v.
453 2903 605 2958 6334.
