2087 3321
1036 222 1095 266 36

297 339 441 385 codice
473 339 510 384 G
545 344 672 398 parte
703 339 885 386 addendi
919 343 1021 385 sunt
1054 341 1211 398 viginti
1243 356 1368 396 unus,
1401 335 1556 400 quibus
1579 339 1616 387 Ο
1638 347 1682 387 et-
1705 341 1744 386 G
1776 342 1844 386 in'

299 429 401 459 vera
448 416 668 473 scriptura
713 403 865 458 contra
906 413 946 456 D
979 417 1023 458 et
1055 413 1091 457 L
1131 416 1425 470 consentiunt,
1464 417 1529 475 ita
1567 420 1617 462 ut
1646 431 1813 462 summa

298 488 454 532 horum
487 489 678 532 locorum
709 486 767 530 sit
797 487 1133 546 quinquaginta.
1181 486 1292 531 Tum
1317 488 1444 543 locos,
1477 490 1633 547 quibus
1656 489 1692 535 O
1713 505 1816 547 pro-

297 561 395 618 pius
434 575 564 617 quam
599 558 638 620 D
678 562 723 602 et
754 558 790 602 L
822 559 873 603 ad
907 574 1056 604 verum
1094 560 1278 614 accedit,
1320 560 1366 604 in
1397 559 1478 605 hac
1499 552 1635 619 parte
1666 578 1819 607 novem

297 633 606 692 congessimus,
650 631 705 676 ad
736 646 845 689 quos
876 645 900 675 e
931 631 1076 690 priore
1108 633 1160 677 de
1191 632 1231 677 G
1260 636 1386 691 parte
1419 633 1565 678 decem
1597 636 1820 689 accedunt,

297 710 347 751 ut
401 721 569 749 summa
625 705 683 748 sit
729 705 1015 762 undeviginti.
1096 703 1262 749 Deinde
1308 721 1383 750 sex
1430 706 1534 750 locis
1580 708 1821 764 scripturae

296 778 550 836 compendia
591 778 638 822 in
671 776 709 822 O
751 780 924 823 servata
967 780 1070 822 sunt
1106 793 1132 823 a
1164 777 1354 822 librariis
1387 778 1427 823 D
1459 783 1505 824 et
1535 778 1571 823 L
1602 780 1715 824 male
1746 795 1822 825 ex-

292 852 469 908 plicata.
558 851 707 907 Atque
765 851 964 894 omnibus
1018 851 1086 894 his
1138 852 1243 895 locis
1293 852 1576 909 septuaginta
1628 853 1820 909 quinque

294 940 441 968 veram
474 923 737 980 scripturam
768 924 856 968 iam
878 923 1182 968 Lachmannus
1215 924 1359 968 edidit.
1413 923 1644 970 Praeterea
1672 928 1819 969 autem

227 1004 233 1006 ‘
292 1000 390 1042 octo
437 1000 540 1040 sunt
573 997 672 1050 loci,
721 1022 774 1030 —-
825 997 871 1040 in
918 996 1000 1039 hac
1039 995 1358 1040 dissertationis
1397 1001 1523 1054 parte
1562 997 1729 1056 egimus
1768 997 1819 1040 de

292 1071 458 1126 tribus,
498 1071 544 1113 in
582 1070 727 1126 priore
765 1071 818 1114 de
857 1069 1049 1125 quinque
1080 1095 1139 1102 —
1182 1071 1339 1126 quibus
1386 1085 1483 1115 cum
1522 1074 1600 1115 aut
1632 1069 1669 1114 Ο
1701 1060 1816 1114 solus

292 1146 370 1186 aut
394 1141 431 1186 Ο
453 1145 498 1185 et
521 1141 558 1185 G
590 1141 813 1185 meliorem
845 1156 974 1199 quam
1005 1142 1139 1185 ceteri
1159 1142 1262 1185 libri
1283 1142 1543 1199 scripturam
1564 1143 1815 1200 praebeant,

292 1230 394 1259 vera
427 1215 645 1272 scriptura
682 1215 728 1258 in
760 1213 1028 1259 Lachmanni
1067 1213 1255 1259 editione
1286 1215 1475 1260 nondum
1507 1215 1710 1269 habetur,
1744 1215 1817 1258 sed

291 1290 347 1333 ab
395 1287 492 1331 aliis
541 1287 644 1331 viris
686 1287 824 1331 doctis
861 1290 1094 1344 antequam
1135 1287 1203 1330 illi
1241 1288 1406 1332 codices
1443 1289 1490 1332 in
1528 1301 1652 1330 usum
1691 1301 1817 1330 voca-

291 1364 443 1405 rentur
483 1361 662 1405 inventa
695 1363 775 1404 est.
841 1358 1000 1404 Nullus
1031 1363 1096 1403 est
1128 1361 1268 1415 locus,
1307 1376 1392 1418 quo
1424 1362 1554 1406 codex
1587 1360 1624 1405 Ο
1656 1360 1816 1403 bonam
1868 1370 1871 1375 ·

290 1435 550 1491 scripturam
600 1448 756 1478 novam
804 1437 849 1477 et
897 1433 1088 1477 virorum
1127 1435 1349 1478 doctorum
1388 1433 1645 1479 coniecturis
1685 1433 1815 1475 antea

289 1522 375 1550 non
424 1496 641 1563 repertam
689 1506 911 1563 praebeat.
996 1505 1144 1563 Longe
1197 1510 1342 1551 autem
1395 1506 1594 1563 plurimis
1638 1504 1812 1547 illorum

292 1580 517 1637 octoginta
555 1580 687 1622 trium
719 1579 913 1623 locorum
951 1579 1086 1623 falsae
1118 1580 1327 1623 librorum
1360 1579 1400 1622 D
1432 1583 1476 1624 et
1507 1579 1543 1623 L
1575 1579 1815 1634 scripturae

293 1652 507 1697 scribendi
552 1654 621 1696 vel
658 1651 831 1710 legendi
870 1650 1087 1695 erroribus
1128 1652 1491 1711 neglegentiaque
1529 1655 1651 1696 ortae
1690 1651 1813 1702 sunt;

291 1728 388 1769 octo
421 1726 525 1769 locis
559 1725 665 1783 (5‚8.
703 1725 817 1778 11‚3.
849 1725 998 1779 44‚11.
1019 1724 1169 1776 45‚10.
1195 1726 1311 1780 62‚8.
1331 1726 1403 1769 40.
1424 1726 1496 1771 63.
1522 1725 1642 1782 73‚4)
1673 1724 1812 1767 inter-

290 1797 533 1854 polationes
565 1798 607 1841 in
642 1797 682 1840 D
714 1801 759 1841 et
781 1797 816 1841 L
848 1800 1016 1850 extant,
1049 1813 1161 1855 quae
1194 1800 1354 1844 absunt
1386 1815 1411 1843 a
1443 1795 1654 1843 codiceO.
1695 1795 1812 1839 Illud

288 1870 426 1925 igitur
478 1870 771 1926 profitendum
823 1872 889 1913 est
935 1870 1123 1913 codicem
1171 1870 1207 1914 Ο
1254 1872 1370 1915 inter
1416 1870 1602 1928 optimos
1649 1866 1813 1911 Catulli

290 1944 424 1987 libros
458 1943 704 1987 habendum
735 1958 876 2000 neque
908 1942 1146 1987 editoribus
1178 1944 1492 2003 neglegendum
1524 1957 1629 1987 esse.

411 2015 503 2061 Iam
536 2031 633 2061 cum
665 2016 719 2061 ad
750 2031 906 2074 pravas
941 2016 1042 2060 libri
1065 2016 1102 2061 O
1135 2018 1373 2075 scripturas
1396 2032 1472 2062 nos
1494 2017 1810 2068 conver-tamne,

288 2091 474 2147 primum
508 2091 559 2134 de
592 2091 652 2138 eis
684 2090 790 2134 locis
822 2104 1019 2148 agemus,
1059 2091 1136 2134 ubi
1168 2090 1494 2147 interpolatoris
1526 2105 1703 2148 operam
1739 2103 1811 2133 co-

288 2179 493 2223 gnoscere
525 2164 648 2207 nobis
681 2163 914 2208 videamur.
960 2162 1222 2212 Monendum
1255 2166 1399 2208 autem
1432 2166 1497 2208 est
1528 2164 1572 2207 in
1594 2163 1738 2221 priore
1759 2162 1811 2205 de
1868 2186 1870 2188 ·

287 2238 430 2282 codice
452 2236 490 2281 G
521 2239 647 2294 parte
680 2252 757 2281 nos
788 2238 875 2281 iam
907 2237 1012 2281 duos
1044 2237 1172 2281 huius
1205 2238 1375 2295 generis
1404 2238 1519 2281 locos
1540 2236 1809 2288 tractavisse,

288 2310 423 2364 66‚83
456 2313 590 2355 colitis
622 2313 667 2354 et
698 2310 833 2364 42‚14
863 2317 1003 2367 potes,
1040 2309 1196 2367 quibus
1229 2309 1265 2354 Ο
1298 2310 1478 2356 eandem
1509 2312 1641 2367 atque
1672 2307 1710 2352 G
1742 2309 1810 2353 in-

287 2385 624 2440 terpolationem
656 2385 850 2441 praebet.

412 2456 576 2511 64‚353
1415 2515 1417 2518 ι

505 2533 710 2588 Namque,
743 2533 850 2574 velut
883 2533 1035 2575 densas
1068 2546 1351 2587 praecerpens
1383 2533 1555 2575 cultor
1586 2534 1742 2575 aristas

506 2607 602 2649 Sole
632 2607 709 2649 sub
741 2607 907 2649 ardenti
936 2605 1134 2660 flaventia
1165 2607 1329 2649 demetit
1362 2620 1482 2649 arva.

407 2677 527 2724 Haec
545 2681 612 2722 est
630 2678 849 2734 scriptura
865 2678 1058 2722 codicum
1077 2678 1165 2722 fere
1185 2679 1390 2732 omnium,
1413 2678 1497 2722 nisi
1520 2677 1633 2734 quod
1651 2678 1696 2720 in
1715 2676 1751 2721 Ο
1764 2679 1809 2720 et

285 2751 330 2794 in
373 2751 570 2810 margine
612 2751 767 2795 codicis
799 2750 834 2794 L
875 2766 1032 2796 messor
1069 2753 1294 2796 exaratum
1333 2754 1410 2795 est.
1479 2751 1620 2795 Cultor
1657 2751 1693 2794 is
1725 2752 1806 2803 est,

285 2825 359 2880 qui
391 2825 557 2882 aliquid
597 2824 722 2879 colit,
767 2827 811 2868 et
843 2839 940 2868 cum
972 2825 1141 2869 colendi
1174 2824 1350 2868 verbum
1382 2823 1584 2880 primitus
1616 2823 1668 2867 de
1699 2837 1807 2880 agro

282 2898 557 2951 adhibeatur,
591 2900 725 2943 cultor
756 2900 823 2942 est
854 2898 1047 2956 agricola
1079 2900 1125 2941 et
1156 2897 1268 2942 hanc
1300 2897 1521 2942 notionem
1552 2896 1689 2940 habet
1718 2895 1807 2939 sive
