2087 3321
1039 240 1098 286 40

304 359 363 403 Et
411 359 561 404 confer
600 359 653 404 de
693 360 826 404 simili
863 361 1170 417 pronominum
1209 369 1345 406 cester
1383 364 1429 406 et
1460 370 1554 407 tuus
1584 362 1826 407 mutatione

307 431 528 477 Schwabii
560 434 728 491 quaest.
761 430 808 476 C.
839 447 883 489 p.
923 432 1004 476 155
1037 446 1102 489 sq.

429 505 584 548 Altera
631 519 781 558 causa,
829 505 884 548 ob
922 519 1055 561 quam
1093 505 1202 548 illud
1242 508 1400 549 blanda
1438 507 1679 564 scripturae
1710 508 1827 550 nobis

304 578 552 635 praefertur
584 576 658 635 (cf.
691 575 928 621 Baehrens.
960 593 1004 635 p.
1037 576 1249 636 XXVII),
1288 580 1397 632 erat,
1435 579 1548 636 quod
1581 579 1641 624 sic
1671 592 1827 637 perap-

307 655 401 694 tum
442 649 665 706 epitheton
706 650 761 693 ad
806 664 948 694 vocem
989 652 1147 694 blanda
1185 650 1493 695 nanciscimur:
1541 653 1710 696 blanda*
1727 667 1828 696 voce

306 726 515 782 promissa
547 723 710 767 dedisti.
760 720 843 767 Sed
871 737 925 767 ne
946 722 1053 768 haec
1074 723 1247 781 quidem
1271 723 1419 782 magni
1439 722 1611 768 'videtur
1631 723 1826 769 facienda

304 812 407 841 esse.
469 794 585 839 Nam
624 796 822 850 quamvis
866 811 919 838 ex
956 800 1105 840 nostro
1142 797 1299 840 iudicio
1339 796 1604 840 desideretur
1642 796 1826 840 forsitan

304 868 565 914 adiectivum
597 871 642 911 et
672 866 900 925 displicere
926 869 1063 926 possit
1083 870 1174 915 tale
1194 868 1362 915 dicendi
1382 882 1532 927 genus,
1562 882 1648 926 quo
1669 868 1827 914 dieitur

302 958 403 987 voce
433 945 644 998 promissa
675 943 798 995 dare,
840 945 987 986 tamen
1018 946 1185 988 veteres
1216 943 1346 987 aliter
1377 942 1556 989 sensisse
1586 944 1669 987 sat*
1685 941 1827 985 multa

303 1014 503 1073 exempla
534 1014 709 1059 docent:

426 1089 594 1132 Ennius
630 1103 730 1133 ann.
764 1087 845 1131 45:

519 1163 634 1205 Exin
667 1163 916 1218 compellare
946 1170 1070 1219 pater
1100 1178 1163 1207 me
1194 1177 1294 1206 voce
1324 1164 1488 1205 videtur

519 1236 595 1278 His
624 1236 782 1278 verbis:
813 1250 839 1278 ο
869 1241 1014 1292 quala.

425 1306 625 1351 Tibullus
655 1306 701 1351 Π
735 1308 857 1361 1‚83:

526 1381 605 1424 Vos
638 1382 836 1423 celebrem
868 1386 1037 1424 cantate
1069 1382 1189 1424 deum
1208 1382 1433 1437 pecorique
1463 1385 1609 1424 vocale

599 1456 727 1498 Voce:
755 1456 900 1509 palam
931 1457 1091 1511 pecori,
1123 1456 1230 1498 clam
1261 1456 1340 1498 sibi
1372 1457 1542 1511 quisque
1572 1460 1701 1497 vocet.

422 1527 645 1587 Vergilius
675 1524 785 1571 Aen.
818 1527 974 1583 9‚403:

519 1603 760 1656 suspiciens
790 1603 921 1645 altam
952 1603 1112 1645 Lunam
1142 1604 1204 1645 sic
1233 1615 1335 1644 voce
1363 1606 1576 1656 precatur.

422 1673 480 1720 id.
514 1672 617 1718 ibid.
649 1672 805 1726 4‚680:

507 1746 596 1790 vHis
630 1749 755 1790 etiam
785 1750 925 1790 struxi
955 1748 1146 1791 manibus
1174 1748 1420 1803 patriosque
1449 1749 1598 1790 vocam·

523 1821 633 1864 Voce
661 1820 772 1864 deos.
952 1818 956 1822 ’

420 1893 477 1936 id.
510 1892 613 1936 ibid.
644 1892 804 1945 6247:

523 1967 627 2009 Voce
659 1980 815 2010 vocans
847 1967 1030 2010 Hecaten
1062 1968 1259 2023 caeloque
1290 1966 1507 2022 Ereboque
1536 1970 1741 2021 potentem

420 2039 477 2082 id.
511 2038 614 2083 ibid.
648 2038 835 2092 12‚638:
1592 2080 1595 2083 Α

523 2113 615 2156 Vidi
647 2114 789 2157 oculos
822 2119 918 2156 ante
949 2115 1039 2168 ipse
1070 2127 1181 2156 meos
1213 2127 1276 2155 me
1305 2127 1407 2156 voce
1436 2118 1651 2156 vocantem

516 2187 776 2230 Murranum.
1430 2179 1433 2184 ¹

421 2259 478 2304 id.
512 2260 615 2303 ibid.
652 2260 773 2312 1‚94:

519 2333 640 2377 Talia
671 2348 773 2378 voce
803 2335 955 2389 refert.-
987 2348 1012 2377 o
1043 2337 1186 2389 terque
1216 2337 1445 2389 quaterque
1476 2332 1588 2375 beati

419 2407 476 2450 id.
509 2406 614 2451 ibid.
651 2406 806 2460 1308:
1112 2452 1115 2456 ,

517 2481 639 2524 Talia
672 2496 773 2525 voce
805 2482 937 2536 refert
969 2481 1161 2536 curisque
1191 2480 1422 2534 inqenlibus
1453 2492 1592 2534 aeqer.

296 2553 378 2596 His
426 2567 597 2610 quoque
645 2554 748 2597 locis
796 2552 990 2596 ablativo
1040 2566 1137 2595 voce
1184 2551 1238 2594 ad
1277 2550 1540 2615 sententiam
1579 2549 1823 2607 elegantius

296 2625 559 2670 efferendam
591 2626 703 2671 nihil
741 2626 893 2682 profici
924 2624 1096 2669 videtur
1127 2627 1172 2668 et
1203 2623 1331 2667 facile
1362 2622 1643 2668 concesserim
1674 2623 1822 2665 nostro

295 2698 452 2743 iudicio
484 2713 583 2743 eum
615 2701 694 2744 aut
725 2698 937 2744 adiectivo
969 2697 1116 2755 aliquo
1148 2695 1391 2743 ornandum
1421 2711 1512 2740 esse
1543 2699 1621 2740 aut
1648 2694 1822 2739 omnino

296 2773 444 2815 abesse
484 2772 660 2826 debere;
699 2772 773 2818 sed
812 2772 1067 2817 censendum
1109 2774 1175 2815 est
1207 2772 1372 2815 veteres
1410 2771 1456 2814 in
1496 2770 1578 2815 hac
1615 2784 1661 2813 re
1692 2769 1822 2814 aliter

297 2846 478 2891 sensisse
518 2862 655 2903 neque
694 2849 857 2890 temere
896 2861 947 2889 ea
985 2846 1031 2890 in
1063 2846 1322 2902 scriptorum
1362 2847 1556 2888 veterum
1588 2843 1723 2886 libros
1754 2842 1823 2886 in-

296 2917 411 2962 ferre
460 2919 581 2973 licet,
631 2934 742 2976 quae
789 2918 914 2969 nobis
960 2919 1183 2976 placeant,
1231 2918 1302 2963 sed
1344 2919 1544 2963 accurate
1581 2915 1821 2973 perquisito
