2087 3321
258 305 398 351 solum
437 305 484 349 in
523 303 702 367 licentia
742 304 942 360 metrica,
981 304 1055 350 sed
1092 304 1226 350 etiam
1257 305 1302 361 iu
1341 304 1558 362 sententia
1588 271 1757 367 Offendi*

259 382 395 438 negat
427 380 543 423 enim
579 365 665 428 dici
694 391 836 457 posse:

557 453 658 496 Uno
689 452 773 506 qui
790 452 840 494 in
870 451 1008 494 saltu
1039 456 1097 494 tot
1130 452 1242 495 bona
1271 453 1567 507 possideat,

480 526 629 577 Prata,
660 536 783 574 arva,
814 524 1000 578 hyemes
1026 521 1155 566 silvas
1185 538 1240 566 sa
1249 525 1285 567 11
1280 538 1435 583 usque
1446 526 1720 585 paludesque.

261 598 376 643 Hinc
407 597 625 653 profectus
664 594 950 651 plurimorum
990 592 1204 640 librorum
1233 597 1493 653 scripturam
1524 585 1785 660 reiciendum
1824 621 1833 628 κ

189 678 196 685 ’
260 685 351 716 esse
389 671 536 714 censet
573 681 712 726 neque
752 681 852 711 vero
891 667 1136 714 coniectura
1176 683 1284 729 opus
1322 683 1434 722 esse;
1480 683 1632 714 verum
1663 669 1785 716 enim
1830 680 1853 689 ”

206 796 208 798 ,
260 743 412 787 haberi
450 743 494 785 in
529 741 591 784 D:
625 743 816 798 altasque
851 744 1046 795 palude„
1093 743 1220 786 facile
1252 743 1399 786 autem
1430 740 1614 798 perspici
1646 738 1783 797 posse,

259 799 473 874 quomodo
513 828 566 857 ex
603 812 688 858 hac
726 813 944 871 scriptura
983 817 1128 858 ortum
1166 815 1224 859 sit
1260 814 1368 858 illud
1404 816 1617 871 saltusque
1653 814 1782 869 palu-
1828 803 1832 807 ἢ
1872 805 1874 808 ’
1906 816 1914 823 ”

260 891 437 946 desque3
486 888 676 944 primum
716 901 795 943 pro
834 890 964 932 silvas
1003 891 1193 945 altasque
1230 891 1408 945 paludes
1446 888 1655 945 scriptum
1694 881 1785 931 esse
1825 881 1850 931 ’ζ’

259 963 391 1005 silvas
429 960 643 1019 saltusque
680 961 880 1016 paludes,
926 958 968 1002 id
1011 961 1122 1016 quod
1163 961 1297 1005 etiam
1336 975 1449 1008 nunc
1486 961 1530 1004 in
1570 946 1785 1004 codicibus
1854 1020 1858 1021 ⁷

260 1033 520 1090 quibusdam
552 1035 696 1083 exram
737 1035 833 1075 tum
864 1048 890 1075 a
928 1032 1109 1077 librario
1147 1033 1389 1077 sententiae
1426 1048 1555 1077 causa
1591 1032 1786 1077 additum

263 1121 353 1151 esse
400 1105 664 1165 particulam
711 1122 801 1163 que.
875 1105 1018 1163 Atque
1055 1106 1113 1161 ⁴in
1155 1106 1341 1159 ratione,
1364 1121 1476 1163 -qua
1522 1121 1577 1154 ex,
1622 1105 1784 1153 Datani

264 1181 481 1238 scriptura
513 1178 636 1223 illam
670 1179 855 1224 alteram
887 1181 1031 1223 ortam
1062 1194 1151 1223 esse
1182 1181 1325 1237 putat,
1359 1179 1642 1225 concedamus
1673 1178 1785 1239 nihil

260 1255 399 1298 inesse
437 1252 551 1310 quod
593 1267 676 1296 non
719 1251 896 1309 probari
935 1252 1085 1308 possit,
1124 1253 1207 1296 etsi
1238 1253 1422 1297 fortasse
1439 1267 1539 1302 ,non
1571 1253 1636 1298 ita
1666 1253 1786 1298 facili

259 1341 404 1372 errore
441 1341 521 1384 pro
561 1328 752 1382 altasque
791 1324 921 1367 scribi
960 1327 1134 1381 poterat
1164 1328 1389 1383 saltusque.
1454 1324 1537 1369 Sed
1567 1324 1672 1383 quid
1703 1325 1787 1369 sibi

246 1389 358 1445 ¹'vult
389 1399 471 1443 hoc
504 1399 596 1442 loco
629 1397 889 1442 adiectivum
923 1399 1059 1441 altus?
1122 1397 1174 1442 Id
1205 1399 1400 1455 profecto
1432 1399 1525 1458 agit
1555 1400 1699 1456 poeta,
1737 1401 1787 1442 ut
1835 1399 1837 1401 ’

261 1471 488 1517 Mentulae
536 1471 821 1530 possessiones
867 1485 1050 1530 magnas
1091 1473 1222 1529 atque
1261 1471 1474 1531 ingentes.
1500 1487 1590 1518 esse
1620 1472 1785 1517 doceat.

260 1545 434 1605 Aptene
466 1546 604 1604 igitur
636 1545 814 1603 paludes
843 1545 962 1589 altae
985 1545 1012 1590 i.
1037 1560 1070 1589 e.
1095 1545 1334 1603 profundae
1357 1535 1594 1590 vocantur?
1621 1544 1786 1600 immo,

265 1618 475 1676 siquidem
508 1618 772 1664 adiectivum
804 1619 885 1662 hoc
918 1620 1010 1663 loco
1043 1620 1176 1672 latet,
1219 1619 1352 1677 longe
1378 1619 1554 1677 lateque
1586 1621 1788 1681 extentae

259 1691 466 1737 dicendae
498 1694 637 1735 crant.
697 1691 762 1735 De
786 1690 950 1736 Dataui
983 1693 1120 1750 igitur
1151 1691 1368 1752 scriptura
1399 1694 1544 1736 actum
1577 1693 1681 1743 erit;
1715 1692 1788 1736 sed

261 1778 313 1809 ex
345 1778 396 1809 ea
428 1763 648 1822 profectus
680 1762 971 1810 Rossbachius
1001 1779 1081 1821 pro
1113 1766 1224 1809 altas
1255 1764 1429 1821 scripsit
1459 1766 1589 1809 latas:

480 1840 615 1880 Prata
648 1852 759 1881 area
787 1841 972 1893 inqentes
1002 1840 1131 1881 silvas
1163 1840 1353 1893 latasque
1381 1839 1569 1891 paludes.

260 1910 322 1955 Et
367 1911 474 1956 haec
519 1910 738 1967 scriptura
783 1911 819 1955 si
867 1910 989 1956 libris
1036 1910 1304 1962 traderetur,
1347 1924 1432 1954 non
1464 1913 1596 1964 esset,
1629 1925 1706 1955 cur
1736 1910 1788 1955 de

261 2001 313 2028 ea
346 1983 659 2027 dubitaremus.
715 1982 797 2028 Sed
830 1985 1035 2041 quoniam
1068 1984 1110 2027 in
1146 1982 1269 2030 libris
1302 1997 1386 2025 non
1421 1982 1607 2027 habetur
1636 1986 1680 2026 et
1702 1984 1787 2028 iam

263 2056 487 2103 difficilius
520 2059 586 2104 est
626 2057 680 2102 ad
713 2058 1030 2115 explicandum,
1071 2073 1157 2115 qua
1196 2056 1364 2101 ratione
1410 2058 1622 2114 saltusque
1658 2060 1788 2113 palu-

263 2132 416 2188 desque
447 2144 501 2173 ex
531 2124 581 2174 ea
612 2131 760 2174 ortum
791 2130 870 2182 sit,
912 2129 1167 2186 priusquam
1197 2143 1293 2173 eam
1326 2128 1602 2185 recipiamus,
1641 2130 1790 2187 paullo

263 2204 511 2248 accuratius
558 2204 846 2249 examinanda
893 2206 961 2246 est
1006 2200 1242 2259 scriptura,
1287 2218 1417 2259 quam
1464 2202 1698 2247 Boehmius
1745 2207 1790 2248 et
1841 2242 1846 2245 ,

261 2274 555 2320 Rossbachius
597 2275 883 2321 reiecerunt..
917 2275 982 2320 Ac
1021 2275 1210 2332 primum
1250 2275 1295 2320 in
1337 2274 1590 2319 hexametro
1628 2264 1790 2334 ’hypeh

262 2350 477 2394 catalecto
526 2350 561 2392 is
610 2364 698 2394 non
746 2349 955 2402 offendet,
1005 2349 1079 2406 qui
1128 2349 1461 2404 perlustraverit
1501 2363 1611 2405 quae
1642 2345 1790 2394 Lach-

264 2434 451 2466 mannus
483 2423 527 2467 in
560 2436 714 2466 comm.
748 2421 793 2465 in
825 2419 1076 2464 Lucretium
1106 2435 1148 2478 p.
1183 2420 1236 2464 81
1274 2420 1503 2479 congessit.
1558 2420 1618 2465 Et
1648 2421 1790 2480 ipsum
1852 2477 1861 2481 α

266 2493 522 2539 Boehmium
577 2495 676 2551 plus
729 2495 933 2539 tribuisse
980 2493 1087 2536 vitio
1138 2495 1252 2550 quod
1298 2495 1343 2538 in
1391 2495 1609 2539 sententia
1654 2496 1792 2539 inesse

268 2566 470 2624 putabat,
512 2581 643 2625 quam
684 2566 886 2612 licentiae
924 2567 1129 2611 metricae
1168 2581 1221 2610 ex
1253 2566 1387 2624 ipsius
1418 2566 1562 2612 verbis
1594 2568 1790 2626 apparet.
1844 2584 1864 2624 ἢ
1898 2579 1917 2593 ”

264 2638 418 2697 Neque
452 2655 552 2685 vero
584 2641 848 2685 sententiam
880 2643 996 2684 stare
1029 2640 1291 2701 negaverim.
1346 2638 1514 2684 Nomen
1543 2638 1656 2690 enim
1681 2638 1803 2691 illud>
1829 2678 1840 2684 s
1946 2647 1948 2649 ’
1974 2625 2005 2679 1⁴²

265 2716 398 2758 saltus
429 2713 593 2772 duplici
624 2713 666 2757 vi
699 2714 745 2758 in
779 2714 859 2758 hoc
892 2714 1082 2759 carmine
1114 2714 1371 2771 usurpatur:
1414 2713 1457 2756 in
1490 2713 1634 2770 priore
1666 2719 1792 2756 versu

265 2789 334 2831 est
354 2787 592 2844 praedium,
615 2788 839 2844 possessio,
862 2802 973 2844 quae
995 2787 1105 2831 varii
1127 2786 1299 2845 generis
1320 2801 1450 2845 agros
1470 2785 1789 2842 complectitur,

264 2858 310 2904 in
332 2859 473 2905 altero
494 2874 621 2906 versu
642 2859 821 2919 propria
836 2859 1154 2919 significatione
1171 2859 1223 2904 de
1245 2858 1353 2927 certi
1376 2859 1600 2904 cuiusdam
1620 2857 1791 2918 generis
