<?xml version="1.0" encoding="UTF-8"?>
<!DOCTYPE html PUBLIC "-//W3C//DTD XHTML 1.0 Transitional//EN"
    "http://www.w3.org/TR/xhtml1/DTD/xhtml1-transitional.dtd">
<html xmlns="http://www.w3.org/1999/xhtml" xml:lang="en" lang="en">
 <head>
  <title>
</title>
<meta http-equiv="Content-Type" content="text/html;charset=utf-8" />
  <meta name='ocr-system' content='tesseract 3.04.00' />
  <meta name='ocr-capabilities' content='ocr_page ocr_carea ocr_par ocr_line ocrx_word'/>
</head>
<body>
  <div class='ocr_page' id='page_1' title='image "4738128_0028.png"; bbox 0 0 2087 3321; ppageno 0'>
   <div class='ocr_carea' id='block_1_1' title="bbox 1039 220 1100 264">
    <p class='ocr_par' dir='ltr' id='par_1_1' title="bbox 1039 220 1100 264">
     <span class='ocr_line' id='line_1_1' title="bbox 1039 220 1100 264; baseline -0.016 0"><span class='ocrx_word' id='word_1_1' title='bbox 1039 220 1100 264; x_wconf 36' lang='lat'><strong>16⁷</strong></span> 
     </span>
    </p>
   </div>
   <div class='ocr_carea' id='block_1_2' title="bbox 304 336 1831 1193">
    <p class='ocr_par' dir='ltr' id='par_1_2' title="bbox 304 336 1831 1193">
     <span class='ocr_line' id='line_1_2' title="bbox 428 336 1825 395; baseline -0.004 -10"><span class='ocrx_word' id='word_1_2' title='bbox 428 340 661 385; x_wconf 87' lang='lat' dir='ltr'><strong>Praeterea</strong></span> <span class='ocrx_word' id='word_1_3' title='bbox 692 343 838 384; x_wconf 87' lang='lat' dir='ltr'><strong>autem</strong></span> <span class='ocrx_word' id='word_1_4' title='bbox 862 340 944 383; x_wconf 89' lang='lat' dir='ltr'><strong>hac</strong></span> <span class='ocrx_word' id='word_1_5' title='bbox 975 340 1298 395; x_wconf 85' lang='lat' dir='ltr'><strong>comparatione</strong></span> <span class='ocrx_word' id='word_1_6' title='bbox 1328 339 1523 384; x_wconf 89' lang='lat' dir='ltr'><strong>codicum</strong></span> <span class='ocrx_word' id='word_1_7' title='bbox 1554 338 1593 381; x_wconf 92' lang='lat' dir='ltr'><strong>G</strong></span> <span class='ocrx_word' id='word_1_8' title='bbox 1624 341 1670 382; x_wconf 85' lang='lat' dir='ltr'><strong>et</strong></span> <span class='ocrx_word' id='word_1_9' title='bbox 1691 337 1729 381; x_wconf 90' lang='lat' dir='ltr'>B</span> <span class='ocrx_word' id='word_1_10' title='bbox 1759 336 1825 380; x_wconf 85' lang='lat' dir='ltr'><strong>ef-</strong></span> 
     </span>
     <span class='ocr_line' id='line_1_3' title="bbox 304 408 1824 492; baseline -0.003 -34"><span class='ocrx_word' id='word_1_11' title='bbox 304 414 469 459; x_wconf 87' lang='lat' dir='ltr'><strong>fectum</strong></span> <span class='ocrx_word' id='word_1_12' title='bbox 501 415 581 467; x_wconf 89' lang='lat' dir='ltr'><strong>est,</strong></span> <span class='ocrx_word' id='word_1_13' title='bbox 613 414 663 457; x_wconf 91' lang='lat' dir='ltr'><strong>ut</strong></span> <span class='ocrx_word' id='word_1_14' title='bbox 694 412 746 457; x_wconf 89' lang='lat' dir='ltr'><strong>de</strong></span> <span class='ocrx_word' id='word_1_15' title='bbox 777 411 920 469; x_wconf 87' lang='lat' dir='ltr'><strong>pretio</strong></span> <span class='ocrx_word' id='word_1_16' title='bbox 952 410 1282 492; x_wconf 83' lang='lat' dir='ltr'><strong>scripturarum,</strong></span> <span class='ocrx_word' id='word_1_17' title='bbox 1313 425 1429 469; x_wconf 81' lang='lat' dir='ltr'><strong>quae</strong></span> <span class='ocrx_word' id='word_1_18' title='bbox 1457 411 1649 479; x_wconf 79' lang='lat' dir='ltr'><strong>duplices</strong></span> <span class='ocrx_word' id='word_1_19' title='bbox 1680 408 1726 455; x_wconf 92' lang='lat' dir='ltr'><strong>iu</strong></span> <span class='ocrx_word' id='word_1_20' title='bbox 1746 409 1824 455; x_wconf 91' lang='lat' dir='ltr'><strong>illo</strong></span> 
     </span>
     <span class='ocr_line' id='line_1_4' title="bbox 304 474 1825 541; baseline -0.003 -10"><span class='ocrx_word' id='word_1_21' title='bbox 304 489 479 540; x_wconf 87' lang='lat' dir='ltr'><strong>extant,</strong></span> <span class='ocrx_word' id='word_1_22' title='bbox 519 486 680 531; x_wconf 89' lang='lat' dir='ltr'><strong>rectius</strong></span> <span class='ocrx_word' id='word_1_23' title='bbox 716 485 906 529; x_wconf 88' lang='lat' dir='ltr'><strong>iudicare</strong></span> <span class='ocrx_word' id='word_1_24' title='bbox 944 482 1170 540; x_wconf 87' lang='lat' dir='ltr'><strong>possimus.</strong></span> <span class='ocrx_word' id='word_1_25' title='bbox 1234 482 1488 541; x_wconf 78' lang='lat' dir='ltr'><strong>Permagni</strong></span> <span class='ocrx_word' id='word_1_26' title='bbox 1507 485 1622 529; x_wconf 88' lang='lat' dir='ltr'><strong>enim</strong></span> <span class='ocrx_word' id='word_1_27' title='bbox 1659 474 1715 528; x_wconf 84' lang='lat' dir='ltr'><strong>ob</strong></span> <span class='ocrx_word' id='word_1_28' title='bbox 1747 482 1825 526; x_wconf 84' lang='lat' dir='ltr'><strong>has</strong></span> 
     </span>
     <span class='ocr_line' id='line_1_5' title="bbox 304 553 1826 616; baseline -0.003 -13"><span class='ocrx_word' id='word_1_29' title='bbox 304 559 495 616; x_wconf 88' lang='lat' dir='ltr'><strong>duplices</strong></span> <span class='ocrx_word' id='word_1_30' title='bbox 517 556 755 613; x_wconf 87' lang='lat' dir='ltr'><strong>scripturas</strong></span> <span class='ocrx_word' id='word_1_31' title='bbox 776 554 998 599; x_wconf 87' lang='lat' dir='ltr'><strong>aestimari</strong></span> <span class='ocrx_word' id='word_1_32' title='bbox 1019 555 1131 599; x_wconf 89' lang='lat' dir='ltr'><strong>solet</strong></span> <span class='ocrx_word' id='word_1_33' title='bbox 1151 554 1286 599; x_wconf 81' lang='lat' dir='ltr'><strong>codex</strong></span> <span class='ocrx_word' id='word_1_34' title='bbox 1306 553 1358 608; x_wconf 89' lang='lat' dir='ltr'><strong>G,</strong></span> <span class='ocrx_word' id='word_1_35' title='bbox 1380 569 1479 599; x_wconf 87' lang='lat' dir='ltr'><strong>cum</strong></span> <span class='ocrx_word' id='word_1_36' title='bbox 1500 554 1617 602; x_wconf 84' lang='lat' dir='ltr'><strong>hinc</strong></span> <span class='ocrx_word' id='word_1_37' title='bbox 1623 559 1826 602; x_wconf 82' lang='lat' dir='ltr'><strong>naturam</strong></span> 
     </span>
     <span class='ocr_line' id='line_1_6' title="bbox 305 627 1826 688; baseline -0.003 -13"><span class='ocrx_word' id='word_1_38' title='bbox 305 630 534 688; x_wconf 70' lang='lat' dir='ltr'><strong>archetypi</strong></span> <span class='ocrx_word' id='word_1_39' title='bbox 582 629 728 672; x_wconf 90' lang='lat' dir='ltr'><strong>animo</strong></span> <span class='ocrx_word' id='word_1_40' title='bbox 775 627 941 685; x_wconf 84' lang='lat' dir='ltr'><strong>fingere</strong></span> <span class='ocrx_word' id='word_1_41' title='bbox 987 642 1112 685; x_wconf 89' lang='lat' dir='ltr'><strong>posse</strong></span> <span class='ocrx_word' id='word_1_42' title='bbox 1160 627 1395 676; x_wconf 82' lang='lat' dir='ltr'><strong>videamur.</strong></span> <span class='ocrx_word' id='word_1_43' title='bbox 1467 627 1527 671; x_wconf 85' lang='lat' dir='ltr'><strong>Et</strong></span> <span class='ocrx_word' id='word_1_44' title='bbox 1566 628 1658 674; x_wconf 88' lang='lat' dir='ltr'><strong>siue</strong></span> <span class='ocrx_word' id='word_1_45' title='bbox 1696 627 1826 672; x_wconf 90' lang='lat' dir='ltr'><strong>dubio</strong></span> 
     </span>
     <span class='ocr_line' id='line_1_7' title="bbox 304 699 1827 761; baseline -0.002 -15"><span class='ocrx_word' id='word_1_46' title='bbox 304 702 436 746; x_wconf 82' lang='lat' dir='ltr'>codex</span> <span class='ocrx_word' id='word_1_47' title='bbox 458 700 495 744; x_wconf 97' lang='lat' dir='ltr'><strong>G</strong></span> <span class='ocrx_word' id='word_1_48' title='bbox 529 700 718 758; x_wconf 88' lang='lat' dir='ltr'><strong>reliquos</strong></span> <span class='ocrx_word' id='word_1_49' title='bbox 749 699 884 744; x_wconf 90' lang='lat' dir='ltr'><strong>libros</strong></span> <span class='ocrx_word' id='word_1_50' title='bbox 916 715 1062 761; x_wconf 88' lang='lat' dir='ltr'><strong>omnes</strong></span> <span class='ocrx_word' id='word_1_51' title='bbox 1084 700 1166 744; x_wconf 84' lang='lat' dir='ltr'><strong>hac</strong></span> <span class='ocrx_word' id='word_1_52' title='bbox 1187 714 1234 743; x_wconf 93' lang='lat' dir='ltr'><strong>re</strong></span> <span class='ocrx_word' id='word_1_53' title='bbox 1255 702 1445 757; x_wconf 89' lang='lat' dir='ltr'><strong>superat,</strong></span> <span class='ocrx_word' id='word_1_54' title='bbox 1477 700 1592 757; x_wconf 85' lang='lat' dir='ltr'><strong>quod</strong></span> <span class='ocrx_word' id='word_1_55' title='bbox 1612 700 1827 758; x_wconf 83' lang='lat' dir='ltr'><strong>plurimae</strong></span> 
     </span>
     <span class='ocr_line' id='line_1_8' title="bbox 305 771 1828 832; baseline -0.001 -13"><span class='ocrx_word' id='word_1_56' title='bbox 305 775 495 832; x_wconf 84' lang='lat' dir='ltr'><strong>duplices</strong></span> <span class='ocrx_word' id='word_1_57' title='bbox 527 772 770 831; x_wconf 75' lang='lat' dir='ltr'><strong>scripturae</strong></span> <span class='ocrx_word' id='word_1_58' title='bbox 800 788 854 818; x_wconf 92' lang='lat' dir='ltr'><strong>ex</strong></span> <span class='ocrx_word' id='word_1_59' title='bbox 885 773 1123 832; x_wconf 81' lang='lat' dir='ltr'><strong>archetypo</strong></span> <span class='ocrx_word' id='word_1_60' title='bbox 1147 772 1252 818; x_wconf 90' lang='lat' dir='ltr'><strong>Vin</strong></span> <span class='ocrx_word' id='word_1_61' title='bbox 1274 788 1372 818; x_wconf 84' lang='lat' dir='ltr'><strong>eum</strong></span> <span class='ocrx_word' id='word_1_62' title='bbox 1392 775 1715 831; x_wconf 67' lang='lat' dir='ltr'><strong>pervenerunt.⁴</strong></span> <span class='ocrx_word' id='word_1_63' title='bbox 1745 771 1828 818; x_wconf 86' lang='lat' dir='ltr'><strong>Sed</strong></span> 
     </span>
     <span class='ocr_line' id='line_1_9' title="bbox 304 845 1829 903; baseline -0.001 -13"><span class='ocrx_word' id='word_1_64' title='bbox 304 848 414 891; x_wconf 90' lang='lat' dir='ltr'><strong>illud</strong></span> <span class='ocrx_word' id='word_1_65' title='bbox 446 846 681 890; x_wconf 88' lang='lat' dir='ltr'><strong>tenendum</strong></span> <span class='ocrx_word' id='word_1_66' title='bbox 714 849 782 890; x_wconf 90' lang='lat' dir='ltr'><strong>est</strong></span> <span class='ocrx_word' id='word_1_67' title='bbox 813 848 1010 890; x_wconf 88' lang='lat' dir='ltr'><strong>extitisse</strong></span> <span class='ocrx_word' id='word_1_68' title='bbox 1041 846 1085 889; x_wconf 90' lang='lat' dir='ltr'><strong>iu</strong></span> <span class='ocrx_word' id='word_1_69' title='bbox 1119 846 1232 890; x_wconf 92' lang='lat' dir='ltr'><strong>libro</strong></span> <span class='ocrx_word' id='word_1_70' title='bbox 1253 845 1295 890; x_wconf 91' lang='lat' dir='ltr'><strong>V</strong></span> <span class='ocrx_word' id='word_1_71' title='bbox 1325 846 1457 890; x_wconf 80' lang='lat' dir='ltr'><strong>etiam</strong></span> <span class='ocrx_word' id='word_1_72' title='bbox 1479 845 1671 903; x_wconf 80' lang='lat' dir='ltr'><strong>duplices</strong></span> <span class='ocrx_word' id='word_1_73' title='bbox 1692 845 1829 901; x_wconf 81' lang='lat' dir='ltr'><strong>scrip-</strong></span> 
     </span>
     <span class='ocr_line' id='line_1_10' title="bbox 305 916 1829 977; baseline -0.003 -13"><span class='ocrx_word' id='word_1_74' title='bbox 305 924 447 971; x_wconf 86' lang='lat' dir='ltr'><strong>turas,</strong></span> <span class='ocrx_word' id='word_1_75' title='bbox 493 933 605 975; x_wconf 89' lang='lat' dir='ltr'><strong>quae</strong></span> <span class='ocrx_word' id='word_1_76' title='bbox 644 919 689 963; x_wconf 92' lang='lat' dir='ltr'><strong>in</strong></span> <span class='ocrx_word' id='word_1_77' title='bbox 730 919 873 964; x_wconf 88' lang='lat' dir='ltr'><strong>codice</strong></span> <span class='ocrx_word' id='word_1_78' title='bbox 905 918 942 962; x_wconf 90' lang='lat' dir='ltr'><strong>G</strong></span> <span class='ocrx_word' id='word_1_79' title='bbox 986 933 1070 963; x_wconf 90' lang='lat' dir='ltr'><strong>non</strong></span> <span class='ocrx_word' id='word_1_80' title='bbox 1103 922 1280 973; x_wconf 85' lang='lat' dir='ltr'><strong>extant,</strong></span> <span class='ocrx_word' id='word_1_81' title='bbox 1328 919 1370 964; x_wconf 90' lang='lat' dir='ltr'><strong>id</strong></span> <span class='ocrx_word' id='word_1_82' title='bbox 1402 918 1515 977; x_wconf 89' lang='lat' dir='ltr'><strong>quod</strong></span> <span class='ocrx_word' id='word_1_83' title='bbox 1545 918 1606 963; x_wconf 90' lang='lat' dir='ltr'><strong>eis</strong></span> <span class='ocrx_word' id='word_1_84' title='bbox 1637 932 1748 974; x_wconf 86' lang='lat' dir='ltr'><strong>quae</strong></span> <span class='ocrx_word' id='word_1_85' title='bbox 1777 916 1829 961; x_wconf 93' lang='lat' dir='ltr'><strong>de</strong></span> 
     </span>
     <span class='ocr_line' id='line_1_11' title="bbox 308 980 1829 1050; baseline -0.002 -15"><span class='ocrx_word' id='word_1_86' title='bbox 308 993 421 1035; x_wconf 90' lang='lat' dir='ltr'><strong>libro</strong></span> <span class='ocrx_word' id='word_1_87' title='bbox 456 992 505 1045; x_wconf 39' lang='lat' dir='ltr'><strong>B,</strong></span> <span class='ocrx_word' id='word_1_88' title='bbox 527 992 792 1049; x_wconf 88' lang='lat' dir='ltr'><strong>protulimus</strong></span> <span class='ocrx_word' id='word_1_89' title='bbox 830 992 1177 1036; x_wconf 82' lang='lat' dir='ltr'><strong>demonstratum</strong></span> <span class='ocrx_word' id='word_1_90' title='bbox 1216 980 1295 1036; x_wconf 88' lang='lat' dir='ltr'><strong>est.</strong></span> <span class='ocrx_word' id='word_1_91' title='bbox 1365 990 1481 1036; x_wconf 91' lang='lat' dir='ltr'><strong>Illud</strong></span> <span class='ocrx_word' id='word_1_92' title='bbox 1519 993 1746 1050; x_wconf 83' lang='lat' dir='ltr'><strong>praeterea</strong></span> <span class='ocrx_word' id='word_1_93' title='bbox 1784 989 1829 1032; x_wconf 91' lang='lat' dir='ltr'><strong>iu</strong></span> 
     </span>
     <span class='ocr_line' id='line_1_12' title="bbox 308 1062 1828 1122; baseline -0.003 -12"><span class='ocrx_word' id='word_1_94' title='bbox 308 1064 438 1110; x_wconf 91' lang='lat' dir='ltr'><strong>dubio</strong></span> <span class='ocrx_word' id='word_1_95' title='bbox 471 1063 799 1121; x_wconf 89' lang='lat' dir='ltr'><strong>relinquendum</strong></span> <span class='ocrx_word' id='word_1_96' title='bbox 832 1067 911 1118; x_wconf 87' lang='lat' dir='ltr'><strong>est,</strong></span> <span class='ocrx_word' id='word_1_97' title='bbox 940 1080 1048 1109; x_wconf 85' lang='lat' dir='ltr'><strong>num</strong></span> <span class='ocrx_word' id='word_1_98' title='bbox 1071 1079 1219 1109; x_wconf 90' lang='lat' dir='ltr'><strong>omnes</strong></span> <span class='ocrx_word' id='word_1_99' title='bbox 1241 1065 1434 1122; x_wconf 79' lang='lat' dir='ltr'><strong>duplices</strong></span> <span class='ocrx_word' id='word_1_100' title='bbox 1454 1065 1696 1122; x_wconf 76' lang='lat' dir='ltr'><strong>scriptume</strong></span> <span class='ocrx_word' id='word_1_101' title='bbox 1728 1062 1828 1107; x_wconf 86' lang='lat' dir='ltr'><strong>libri</strong></span> 
     </span>
     <span class='ocr_line' id='line_1_13' title="bbox 306 1136 1831 1193; baseline -0.001 -13"><span class='ocrx_word' id='word_1_102' title='bbox 306 1137 345 1180; x_wconf 87' lang='lat' dir='ltr'><strong>G</strong></span> <span class='ocrx_word' id='word_1_103' title='bbox 379 1139 425 1180; x_wconf 91' lang='lat' dir='ltr'><strong>in</strong></span> <span class='ocrx_word' id='word_1_104' title='bbox 458 1138 552 1193; x_wconf 90' lang='lat' dir='ltr'><strong>ipso</strong></span> <span class='ocrx_word' id='word_1_105' title='bbox 584 1136 625 1179; x_wconf 94' lang='lat' dir='ltr'><strong>V</strong></span> <span class='ocrx_word' id='word_1_106' title='bbox 662 1140 868 1180; x_wconf 80' lang='lat' dir='ltr'><strong>exaratae</strong></span> <span class='ocrx_word' id='word_1_107' title='bbox 899 1138 1077 1181; x_wconf 84' lang='lat' dir='ltr'><strong>fuerint.</strong></span> <span class='ocrx_word' id='word_1_108' title='bbox 1142 1136 1312 1180; x_wconf 85' lang='lat' dir='ltr'><strong>Extant</strong></span> <span class='ocrx_word' id='word_1_109' title='bbox 1344 1138 1459 1181; x_wconf 86' lang='lat' dir='ltr'><strong>euim</strong></span> <span class='ocrx_word' id='word_1_110' title='bbox 1492 1151 1640 1181; x_wconf 89' lang='lat' dir='ltr'><strong>earum</strong></span> <span class='ocrx_word' id='word_1_111' title='bbox 1673 1136 1718 1180; x_wconf 91' lang='lat' dir='ltr'><strong>in</strong></span> <span class='ocrx_word' id='word_1_112' title='bbox 1752 1149 1831 1184; x_wconf 84' lang='lat' dir='ltr'><strong>nu-</strong></span> 
     </span>
    </p>
   </div>
   <div class='ocr_carea' id='block_1_3' title="bbox 240 1208 1832 1267">
    <p class='ocr_par' dir='ltr' id='par_1_3' title="bbox 240 1208 1832 1267">
     <span class='ocr_line' id='line_1_14' title="bbox 240 1208 1832 1267; baseline -0.001 -14"><span class='ocrx_word' id='word_1_113' title='bbox 240 1248 244 1253; x_wconf 88' lang='lat'><em>.</em></span> <span class='ocrx_word' id='word_1_114' title='bbox 307 1225 426 1255; x_wconf 88' lang='lat' dir='ltr'><strong>mero</strong></span> <span class='ocrx_word' id='word_1_115' title='bbox 460 1208 574 1254; x_wconf 86' lang='lat' dir='ltr'><strong>haud</strong></span> <span class='ocrx_word' id='word_1_116' title='bbox 596 1224 774 1265; x_wconf 82' lang='lat' dir='ltr'><strong>paucae,</strong></span> <span class='ocrx_word' id='word_1_117' title='bbox 807 1224 918 1266; x_wconf 89' lang='lat' dir='ltr'><strong>quae</strong></span> <span class='ocrx_word' id='word_1_118' title='bbox 939 1209 1038 1253; x_wconf 88' lang='lat' dir='ltr'><strong>inde</strong></span> <span class='ocrx_word' id='word_1_119' title='bbox 1059 1210 1261 1254; x_wconf 87' lang='lat' dir='ltr'><strong>videntur</strong></span> <span class='ocrx_word' id='word_1_120' title='bbox 1282 1213 1404 1266; x_wconf 78' lang='lat' dir='ltr'><strong>ortae</strong></span> <span class='ocrx_word' id='word_1_121' title='bbox 1425 1224 1529 1262; x_wconf 88' lang='lat' dir='ltr'><strong>esse,</strong></span> <span class='ocrx_word' id='word_1_122' title='bbox 1560 1209 1675 1267; x_wconf 90' lang='lat' dir='ltr'><strong>quod</strong></span> <span class='ocrx_word' id='word_1_123' title='bbox 1696 1208 1832 1252; x_wconf 88' lang='lat' dir='ltr'><strong>libra-</strong></span> 
     </span>
    </p>
   </div>
   <div class='ocr_carea' id='block_1_4' title="bbox 308 1281 1860 2940">
    <p class='ocr_par' dir='ltr' id='par_1_4' title="bbox 308 1281 1839 1853">
     <span class='ocr_line' id='line_1_15' title="bbox 312 1281 1832 1342; baseline -0.001 -15"><span class='ocrx_word' id='word_1_124' title='bbox 312 1284 416 1336; x_wconf 76' lang='lat' dir='ltr'><strong>riuS,</strong></span> <span class='ocrx_word' id='word_1_125' title='bbox 449 1298 544 1327; x_wconf 88' lang='lat' dir='ltr'><strong>cum</strong></span> <span class='ocrx_word' id='word_1_126' title='bbox 577 1281 744 1325; x_wconf 90' lang='lat' dir='ltr'><strong>duobus</strong></span> <span class='ocrx_word' id='word_1_127' title='bbox 776 1282 912 1326; x_wconf 89' lang='lat' dir='ltr'><strong>modis</strong></span> <span class='ocrx_word' id='word_1_128' title='bbox 945 1282 1173 1340; x_wconf 84' lang='lat' dir='ltr'><strong>archetypi</strong></span> <span class='ocrx_word' id='word_1_129' title='bbox 1204 1283 1421 1340; x_wconf 87' lang='lat' dir='ltr'><strong>scriptura</strong></span> <span class='ocrx_word' id='word_1_130' title='bbox 1453 1282 1732 1342; x_wconf 68' lang='lat' dir='ltr'><strong>legi‘posset,</strong></span> <span class='ocrx_word' id='word_1_131' title='bbox 1763 1282 1832 1325; x_wconf 88' lang='lat' dir='ltr'><strong>iu·</strong></span> 
     </span>
     <span class='ocr_line' id='line_1_16' title="bbox 311 1354 1831 1414; baseline -0.002 -14"><span class='ocrx_word' id='word_1_132' title='bbox 311 1360 455 1400; x_wconf 88' lang='lat' dir='ltr'><strong>certus</strong></span> <span class='ocrx_word' id='word_1_133' title='bbox 477 1361 624 1399; x_wconf 90' lang='lat' dir='ltr'><strong>utrum</strong></span> <span class='ocrx_word' id='word_1_134' title='bbox 648 1355 891 1407; x_wconf 88' lang='lat' dir='ltr'><strong>adhiberet,</strong></span> <span class='ocrx_word' id='word_1_135' title='bbox 913 1358 1146 1412; x_wconf 90' lang='lat' dir='ltr'><strong>utrumque</strong></span> <span class='ocrx_word' id='word_1_136' title='bbox 1168 1355 1314 1411; x_wconf 88' lang='lat' dir='ltr'><strong>posuit</strong></span> <span class='ocrx_word' id='word_1_137' title='bbox 1332 1355 1481 1412; x_wconf 87' lang='lat' dir='ltr'><strong>itaque</strong></span> <span class='ocrx_word' id='word_1_138' title='bbox 1503 1356 1596 1413; x_wconf 89' lang='lat' dir='ltr'><strong>ipse</strong></span> <span class='ocrx_word' id='word_1_139' title='bbox 1616 1354 1831 1414; x_wconf 81' lang='lat' dir='ltr'><strong>duplicem</strong></span> 
     </span>
     <span class='ocr_line' id='line_1_17' title="bbox 308 1427 1831 1486; baseline -0.003 -13"><span class='ocrx_word' id='word_1_140' title='bbox 308 1428 555 1486; x_wconf 84' lang='lat' dir='ltr'><strong>procreavit</strong></span> <span class='ocrx_word' id='word_1_141' title='bbox 593 1427 876 1483; x_wconf 86' lang='lat' dir='ltr'><strong>scripturam;</strong></span> <span class='ocrx_word' id='word_1_142' title='bbox 918 1427 960 1470; x_wconf 91' lang='lat' dir='ltr'><strong>id</strong></span> <span class='ocrx_word' id='word_1_143' title='bbox 986 1427 1112 1484; x_wconf 89' lang='lat' dir='ltr'><strong>-quod</strong></span> <span class='ocrx_word' id='word_1_144' title='bbox 1150 1432 1265 1472; x_wconf 89' lang='lat' dir='ltr'><strong>recte</strong></span> <span class='ocrx_word' id='word_1_145' title='bbox 1298 1427 1381 1471; x_wconf 84' lang='lat' dir='ltr'><strong>viri</strong></span> <span class='ocrx_word' id='word_1_146' title='bbox 1411 1428 1526 1473; x_wconf 90' lang='lat' dir='ltr'><strong>docti</strong></span> <span class='ocrx_word' id='word_1_147' title='bbox 1557 1429 1831 1472; x_wconf 88' lang='lat' dir='ltr'><strong>monuerunt.</strong></span> 
     </span>
     <span class='ocr_line' id='line_1_18' title="bbox 310 1499 1833 1557; baseline -0.003 -13"><span class='ocrx_word' id='word_1_148' title='bbox 310 1500 454 1544; x_wconf 87' lang='lat' dir='ltr'><strong>Huius</strong></span> <span class='ocrx_word' id='word_1_149' title='bbox 496 1499 667 1557; x_wconf 85' lang='lat' dir='ltr'><strong>generis</strong></span> <span class='ocrx_word' id='word_1_150' title='bbox 706 1500 908 1542; x_wconf 85' lang='lat' dir='ltr'><strong>videntur</strong></span> <span class='ocrx_word' id='word_1_151' title='bbox 945 1515 1036 1543; x_wconf 88' lang='lat' dir='ltr'><strong>esse</strong></span> <span class='ocrx_word' id='word_1_152' title='bbox 1075 1502 1145 1553; x_wconf 85' lang='lat'><strong>7‚6</strong></span> <span class='ocrx_word' id='word_1_153' title='bbox 1183 1503 1294 1543; x_wconf 68' lang='lat' dir='ltr'><strong>beati</strong></span> <span class='ocrx_word' id='word_1_154' title='bbox 1326 1504 1370 1544; x_wconf 88' lang='lat' dir='ltr'><strong>al</strong></span> <span class='ocrx_word' id='word_1_155' title='bbox 1401 1504 1519 1545; x_wconf 75' lang='lat' dir='ltr'><strong>beari</strong></span> <span class='ocrx_word' id='word_1_156' title='bbox 1550 1499 1684 1551; x_wconf 84' lang='lat'><strong>23,19</strong></span> <span class='ocrx_word' id='word_1_157' title='bbox 1717 1500 1833 1541; x_wconf 71' lang='lat' dir='ltr'><strong>culus</strong></span> 
     </span>
     <span class='ocr_line' id='line_1_19' title="bbox 310 1571 1836 1628; baseline 0 -12"><span class='ocrx_word' id='word_1_158' title='bbox 310 1575 354 1616; x_wconf 82' lang='lat' dir='ltr'><strong>al</strong></span> <span class='ocrx_word' id='word_1_159' title='bbox 400 1574 517 1615; x_wconf 78' lang='lat' dir='ltr'><strong>cuius</strong></span> <span class='ocrx_word' id='word_1_160' title='bbox 563 1571 670 1626; x_wconf 83' lang='lat'><strong>25,5</strong></span> <span class='ocrx_word' id='word_1_161' title='bbox 717 1574 823 1616; x_wconf 77' lang='lat' dir='ltr'><strong>alios</strong></span> <span class='ocrx_word' id='word_1_162' title='bbox 867 1575 911 1616; x_wconf 85' lang='lat' dir='ltr'><strong>al</strong></span> <span class='ocrx_word' id='word_1_163' title='bbox 941 1588 1041 1617; x_wconf 80' lang='lat' dir='ltr'><strong>aves</strong></span> <span class='ocrx_word' id='word_1_164' title='bbox 1079 1576 1124 1617; x_wconf 83' lang='lat' dir='ltr'><strong>al</strong></span> <span class='ocrx_word' id='word_1_165' title='bbox 1162 1577 1275 1619; x_wconf 77' lang='lat' dir='ltr'><strong>aries</strong></span> <span class='ocrx_word' id='word_1_166' title='bbox 1307 1574 1471 1628; x_wconf 83' lang='lat'>64‚288</span> <span class='ocrx_word' id='word_1_167' title='bbox 1508 1588 1591 1619; x_wconf 81' lang='lat' dir='ltr'><strong>non</strong></span> <span class='ocrx_word' id='word_1_168' title='bbox 1630 1587 1760 1617; x_wconf 72' lang='lat' dir='ltr'><strong>aenos</strong></span> <span class='ocrx_word' id='word_1_169' title='bbox 1791 1573 1836 1616; x_wconf 82' lang='lat' dir='ltr'><strong>al</strong></span> 
     </span>
     <span class='ocr_line' id='line_1_20' title="bbox 308 1645 1834 1703; baseline -0.002 -13"><span class='ocrx_word' id='word_1_170' title='bbox 308 1648 550 1698; x_wconf 66' lang='lat' dir='ltr'><strong>nonacrim,</strong></span> <span class='ocrx_word' id='word_1_171' title='bbox 583 1645 684 1690; x_wconf 82' lang='lat' dir='ltr'><strong>alia.</strong></span> <span class='ocrx_word' id='word_1_172' title='bbox 747 1645 866 1689; x_wconf 87' lang='lat' dir='ltr'><strong>Haec</strong></span> <span class='ocrx_word' id='word_1_173' title='bbox 904 1649 1051 1690; x_wconf 89' lang='lat' dir='ltr'><strong>autem</strong></span> <span class='ocrx_word' id='word_1_174' title='bbox 1084 1661 1167 1690; x_wconf 90' lang='lat' dir='ltr'><strong>nou</strong></span> <span class='ocrx_word' id='word_1_175' title='bbox 1200 1648 1392 1699; x_wconf 83' lang='lat' dir='ltr'><strong>obstant,</strong></span> <span class='ocrx_word' id='word_1_176' title='bbox 1424 1646 1654 1703; x_wconf 85' lang='lat' dir='ltr'><strong>quominus</strong></span> <span class='ocrx_word' id='word_1_177' title='bbox 1684 1654 1834 1689; x_wconf 84' lang='lat' dir='ltr'><strong>couce-</strong></span> 
     </span>
     <span class='ocr_line' id='line_1_21' title="bbox 309 1708 1834 1778; baseline -0.001 -15"><span class='ocrx_word' id='word_1_178' title='bbox 309 1718 467 1763; x_wconf 87' lang='lat' dir='ltr'><strong>damns-</strong></span> <span class='ocrx_word' id='word_1_179' title='bbox 501 1717 698 1764; x_wconf 82' lang='lat' dir='ltr'><strong>extitisse</strong></span> <span class='ocrx_word' id='word_1_180' title='bbox 729 1717 790 1772; x_wconf 70' lang='lat' dir='ltr'><strong>¹in</strong></span> <span class='ocrx_word' id='word_1_181' title='bbox 823 1716 863 1762; x_wconf 93' lang='lat' dir='ltr'><strong>V</strong></span> <span class='ocrx_word' id='word_1_182' title='bbox 904 1722 973 1764; x_wconf 88' lang='lat' dir='ltr'><strong>sat</strong></span> <span class='ocrx_word' id='word_1_183' title='bbox 1012 1720 1174 1765; x_wconf 89' lang='lat' dir='ltr'><strong>multas</strong></span> <span class='ocrx_word' id='word_1_184' title='bbox 1211 1708 1402 1778; x_wconf 83' lang='lat' dir='ltr'><strong>duplices</strong></span> <span class='ocrx_word' id='word_1_185' title='bbox 1432 1720 1669 1776; x_wconf 85' lang='lat' dir='ltr'><strong>scripturas</strong></span> <span class='ocrx_word' id='word_1_186' title='bbox 1702 1720 1834 1775; x_wconf 86' lang='lat' dir='ltr'><strong>atque</strong></span> 
     </span>
     <span class='ocr_line' id='line_1_22' title="bbox 310 1790 1839 1853; baseline 0.001 -18"><span class='ocrx_word' id='word_1_187' title='bbox 310 1793 497 1835; x_wconf 90' lang='lat' dir='ltr'><strong>codicem</strong></span> <span class='ocrx_word' id='word_1_188' title='bbox 529 1790 566 1834; x_wconf 90' lang='lat' dir='ltr'><strong>G</strong></span> <span class='ocrx_word' id='word_1_189' title='bbox 599 1793 810 1849; x_wconf 87' lang='lat' dir='ltr'><strong>optimam</strong></span> <span class='ocrx_word' id='word_1_190' title='bbox 843 1792 999 1836; x_wconf 87' lang='lat' dir='ltr'><strong>harum</strong></span> <span class='ocrx_word' id='word_1_191' title='bbox 1022 1793 1335 1851; x_wconf 83' lang='lat' dir='ltr'><strong>scripturarum</strong></span> <span class='ocrx_word' id='word_1_192' title='bbox 1359 1793 1593 1853; x_wconf 85' lang='lat' dir='ltr'><strong>imaginem</strong></span> <span class='ocrx_word' id='word_1_193' title='bbox 1613 1791 1839 1849; x_wconf 54' lang='lat' dir='ltr'><strong>praebet&amp;</strong></span> 
     </span>
    </p>

    <p class='ocr_par' dir='ltr' id='par_1_5' title="bbox 310 1864 1836 2128">
     <span class='ocr_line' id='line_1_23' title="bbox 435 1864 1836 1925; baseline -0.001 -17"><span class='ocrx_word' id='word_1_194' title='bbox 435 1864 670 1922; x_wconf 88' lang='lat' dir='ltr'><strong>Postquam</strong></span> <span class='ocrx_word' id='word_1_195' title='bbox 710 1864 770 1909; x_wconf 90' lang='lat' dir='ltr'><strong>sic</strong></span> <span class='ocrx_word' id='word_1_196' title='bbox 808 1864 859 1909; x_wconf 90' lang='lat' dir='ltr'><strong>de</strong></span> <span class='ocrx_word' id='word_1_197' title='bbox 892 1867 1230 1911; x_wconf 87' lang='lat' dir='ltr'><strong>correctionibus</strong></span> <span class='ocrx_word' id='word_1_198' title='bbox 1262 1872 1306 1910; x_wconf 90' lang='lat' dir='ltr'><strong>et</strong></span> <span class='ocrx_word' id='word_1_199' title='bbox 1337 1867 1564 1925; x_wconf 87' lang='lat' dir='ltr'><strong>scripturis</strong></span> <span class='ocrx_word' id='word_1_200' title='bbox 1594 1865 1836 1922; x_wconf 87' lang='lat' dir='ltr'><strong>duplicibus</strong></span> 
     </span>
     <span class='ocr_line' id='line_1_24' title="bbox 313 1936 1833 1998; baseline -0.001 -16"><span class='ocrx_word' id='word_1_201' title='bbox 313 1939 356 1982; x_wconf 88' lang='lat' dir='ltr'><strong>in</strong></span> <span class='ocrx_word' id='word_1_202' title='bbox 391 1938 639 1981; x_wconf 69' lang='lat' dir='ltr'><strong>universum</strong></span> <span class='ocrx_word' id='word_1_203' title='bbox 671 1936 1007 1993; x_wconf 85' lang='lat' dir='ltr'><strong>disputavimus,</strong></span> <span class='ocrx_word' id='word_1_204' title='bbox 1047 1943 1199 1993; x_wconf 85' lang='lat' dir='ltr'><strong>restat,</strong></span> <span class='ocrx_word' id='word_1_205' title='bbox 1233 1943 1283 1983; x_wconf 90' lang='lat' dir='ltr'><strong>ut</strong></span> <span class='ocrx_word' id='word_1_206' title='bbox 1314 1939 1560 1998; x_wconf 86' lang='lat' dir='ltr'><strong>singulos</strong></span> <span class='ocrx_word' id='word_1_207' title='bbox 1592 1938 1735 1983; x_wconf 87' lang='lat' dir='ltr'><strong>locos</strong></span> <span class='ocrx_word' id='word_1_208' title='bbox 1768 1953 1833 1981; x_wconf 86' lang='lat' dir='ltr'><strong>re-</strong></span> 
     </span>
     <span class='ocr_line' id='line_1_25' title="bbox 310 2008 1835 2094; baseline -0.001 -38"><span class='ocrx_word' id='word_1_209' title='bbox 310 2026 583 2063; x_wconf 85' lang='lat' dir='ltr'><strong>censeamus,</strong></span> <span class='ocrx_word' id='word_1_210' title='bbox 624 2008 781 2065; x_wconf 84' lang='lat' dir='ltr'><strong>quibus</strong></span> <span class='ocrx_word' id='word_1_211' title='bbox 820 2025 872 2055; x_wconf 90' lang='lat' dir='ltr'><strong>ex</strong></span> <span class='ocrx_word' id='word_1_212' title='bbox 911 2012 971 2056; x_wconf 89' lang='lat' dir='ltr'><strong>eis</strong></span> <span class='ocrx_word' id='word_1_213' title='bbox 1003 2012 1167 2071; x_wconf 88' lang='lat' dir='ltr'><strong>aliquid</strong></span> <span class='ocrx_word' id='word_1_214' title='bbox 1201 2013 1367 2057; x_wconf 86' lang='lat' dir='ltr'><strong>fructus</strong></span> <span class='ocrx_word' id='word_1_215' title='bbox 1399 2011 1453 2057; x_wconf 85' lang='lat' dir='ltr'><strong>ad</strong></span> <span class='ocrx_word' id='word_1_216' title='bbox 1485 2010 1835 2094; x_wconf 81' lang='lat' dir='ltr'><strong>constituendum</strong></span> 
     </span>
     <span class='ocr_line' id='line_1_26' title="bbox 312 2081 749 2128; baseline -0.007 -1"><span class='ocrx_word' id='word_1_217' title='bbox 312 2087 487 2128; x_wconf 88' lang='lat' dir='ltr'><strong>textum</strong></span> <span class='ocrx_word' id='word_1_218' title='bbox 519 2081 749 2128; x_wconf 84' lang='lat' dir='ltr'><strong>redundat.</strong></span> 
     </span>
    </p>

    <p class='ocr_par' dir='ltr' id='par_1_6' title="bbox 311 2154 1860 2940">
     <span class='ocr_line' id='line_1_27' title="bbox 438 2154 1837 2213; baseline 0 -13"><span class='ocrx_word' id='word_1_219' title='bbox 438 2156 584 2213; x_wconf 83' lang='lat' dir='ltr'><strong>Atque</strong></span> <span class='ocrx_word' id='word_1_220' title='bbox 613 2154 665 2198; x_wconf 89' lang='lat' dir='ltr'><strong>de</strong></span> <span class='ocrx_word' id='word_1_221' title='bbox 685 2156 869 2213; x_wconf 86' lang='lat' dir='ltr'><strong>singulis</strong></span> <span class='ocrx_word' id='word_1_222' title='bbox 891 2158 1228 2202; x_wconf 86' lang='lat' dir='ltr'><strong>correctionibus</strong></span> <span class='ocrx_word' id='word_1_223' title='bbox 1250 2174 1335 2203; x_wconf 89' lang='lat' dir='ltr'><strong>non</strong></span> <span class='ocrx_word' id='word_1_224' title='bbox 1357 2158 1442 2202; x_wconf 88' lang='lat' dir='ltr'><strong>iam</strong></span> <span class='ocrx_word' id='word_1_225' title='bbox 1467 2157 1607 2201; x_wconf 88' lang='lat' dir='ltr'><strong>multa</strong></span> <span class='ocrx_word' id='word_1_226' title='bbox 1629 2157 1837 2202; x_wconf 82' lang='lat' dir='ltr'><strong>monenda</strong></span> 
     </span>
     <span class='ocr_line' id='line_1_28' title="bbox 314 2228 1837 2290; baseline -0.002 -15"><span class='ocrx_word' id='word_1_227' title='bbox 314 2233 441 2282; x_wconf 87' lang='lat' dir='ltr'><strong>sunt;</strong></span> <span class='ocrx_word' id='word_1_228' title='bbox 495 2243 595 2273; x_wconf 86' lang='lat' dir='ltr'><strong>nam</strong></span> <span class='ocrx_word' id='word_1_229' title='bbox 643 2228 887 2286; x_wconf 88' lang='lat' dir='ltr'><strong>ubicunque</strong></span> <span class='ocrx_word' id='word_1_230' title='bbox 919 2235 1135 2276; x_wconf 86' lang='lat' dir='ltr'><strong>corrector</strong></span> <span class='ocrx_word' id='word_1_231' title='bbox 1167 2233 1406 2290; x_wconf 86' lang='lat' dir='ltr'><strong>genuinum</strong></span> <span class='ocrx_word' id='word_1_232' title='bbox 1451 2231 1496 2274; x_wconf 91' lang='lat' dir='ltr'><strong>iu</strong></span> <span class='ocrx_word' id='word_1_233' title='bbox 1543 2229 1579 2274; x_wconf 83' lang='lat' dir='ltr'>G</span> <span class='ocrx_word' id='word_1_234' title='bbox 1629 2229 1837 2282; x_wconf 87' lang='lat' dir='ltr'><strong>restituit,</strong></span> 
     </span>
     <span class='ocr_line' id='line_1_29' title="bbox 311 2299 1838 2360; baseline 0 -14"><span class='ocrx_word' id='word_1_235' title='bbox 311 2317 482 2360; x_wconf 88' lang='lat' dir='ltr'><strong>semper</strong></span> <span class='ocrx_word' id='word_1_236' title='bbox 514 2302 598 2345; x_wconf 88' lang='lat' dir='ltr'><strong>iam</strong></span> <span class='ocrx_word' id='word_1_237' title='bbox 634 2299 903 2346; x_wconf 84' lang='lat' dir='ltr'><strong>Lachmanni</strong></span> <span class='ocrx_word' id='word_1_238' title='bbox 936 2303 1038 2347; x_wconf 87' lang='lat' dir='ltr'><strong>libri</strong></span> <span class='ocrx_word' id='word_1_239' title='bbox 1070 2309 1219 2349; x_wconf 84' lang='lat' dir='ltr'><strong>verum</strong></span> <span class='ocrx_word' id='word_1_240' title='bbox 1250 2305 1471 2349; x_wconf 84' lang='lat' dir='ltr'><strong>exhibent.</strong></span> <span class='ocrx_word' id='word_1_241' title='bbox 1530 2301 1615 2348; x_wconf 87' lang='lat' dir='ltr'><strong>Sed</strong></span> <span class='ocrx_word' id='word_1_242' title='bbox 1645 2302 1698 2347; x_wconf 86' lang='lat' dir='ltr'><strong>de</strong></span> <span class='ocrx_word' id='word_1_243' title='bbox 1729 2317 1838 2347; x_wconf 88' lang='lat' dir='ltr'><strong>non-</strong></span> 
     </span>
     <span class='ocr_line' id='line_1_30' title="bbox 315 2373 1837 2436; baseline 0.001 -18"><span class='ocrx_word' id='word_1_244' title='bbox 315 2373 446 2419; x_wconf 87' lang='lat' dir='ltr'><strong>nullis</strong></span> <span class='ocrx_word' id='word_1_245' title='bbox 479 2388 629 2417; x_wconf 89' lang='lat' dir='ltr'><strong>eorum</strong></span> <span class='ocrx_word' id='word_1_246' title='bbox 662 2389 883 2429; x_wconf 85' lang='lat' dir='ltr'><strong>versuum,</strong></span> <span class='ocrx_word' id='word_1_247' title='bbox 924 2377 968 2421; x_wconf 87' lang='lat' dir='ltr'><strong>iu</strong></span> <span class='ocrx_word' id='word_1_248' title='bbox 1002 2393 1109 2436; x_wconf 89' lang='lat' dir='ltr'><strong>quos</strong></span> <span class='ocrx_word' id='word_1_249' title='bbox 1140 2381 1357 2424; x_wconf 86' lang='lat' dir='ltr'><strong>corrector</strong></span> <span class='ocrx_word' id='word_1_250' title='bbox 1388 2377 1545 2422; x_wconf 83' lang='lat' dir='ltr'><strong>falsam</strong></span> <span class='ocrx_word' id='word_1_251' title='bbox 1576 2376 1837 2433; x_wconf 78' lang='lat' dir='ltr'><strong>scripturam</strong></span> 
     </span>
     <span class='ocr_line' id='line_1_31' title="bbox 312 2446 1839 2509; baseline 0.001 -19"><span class='ocrx_word' id='word_1_252' title='bbox 312 2446 481 2502; x_wconf 88' lang='lat' dir='ltr'><strong>intulit,</strong></span> <span class='ocrx_word' id='word_1_253' title='bbox 515 2446 638 2490; x_wconf 89' lang='lat' dir='ltr'><strong>nobis</strong></span> <span class='ocrx_word' id='word_1_254' title='bbox 671 2447 968 2494; x_wconf 85' lang='lat' dir='ltr'><strong>disserendum</strong></span> <span class='ocrx_word' id='word_1_255' title='bbox 1000 2455 1086 2504; x_wconf 85' lang='lat' dir='ltr'><strong>est;</strong></span> <span class='ocrx_word' id='word_1_256' title='bbox 1119 2452 1275 2509; x_wconf 89' lang='lat' dir='ltr'><strong>quibus</strong></span> <span class='ocrx_word' id='word_1_257' title='bbox 1308 2467 1405 2497; x_wconf 90' lang='lat' dir='ltr'><strong>cum</strong></span> <span class='ocrx_word' id='word_1_258' title='bbox 1437 2447 1705 2496; x_wconf 84' lang='lat' dir='ltr'><strong>Lachmanni</strong></span> <span class='ocrx_word' id='word_1_259' title='bbox 1736 2447 1839 2492; x_wconf 89' lang='lat' dir='ltr'><strong>libri</strong></span> 
     </span>
     <span class='ocr_line' id='line_1_32' title="bbox 313 2520 1838 2583; baseline -0.001 -17"><span class='ocrx_word' id='word_1_260' title='bbox 313 2521 493 2567; x_wconf 87' lang='lat' dir='ltr'><strong>eandem</strong></span> <span class='ocrx_word' id='word_1_261' title='bbox 534 2520 656 2564; x_wconf 89' lang='lat' dir='ltr'><strong>illam</strong></span> <span class='ocrx_word' id='word_1_262' title='bbox 691 2521 846 2567; x_wconf 78' lang='lat' dir='ltr'><strong>falsam</strong></span> <span class='ocrx_word' id='word_1_263' title='bbox 879 2525 1143 2582; x_wconf 85' lang='lat' dir='ltr'><strong>scripturam</strong></span> <span class='ocrx_word' id='word_1_264' title='bbox 1175 2528 1426 2583; x_wconf 81' lang='lat' dir='ltr'><strong>praebeant,</strong></span> <span class='ocrx_word' id='word_1_265' title='bbox 1466 2524 1651 2581; x_wconf 89' lang='lat' dir='ltr'><strong>primam</strong></span> <span class='ocrx_word' id='word_1_266' title='bbox 1682 2520 1838 2566; x_wconf 88' lang='lat' dir='ltr'><strong>codicis</strong></span> 
     </span>
     <span class='ocr_line' id='line_1_33' title="bbox 314 2594 1860 2658; baseline 0.001 -21"><span class='ocrx_word' id='word_1_267' title='bbox 314 2594 352 2637; x_wconf 88' lang='lat' dir='ltr'><strong>G</strong></span> <span class='ocrx_word' id='word_1_268' title='bbox 384 2608 562 2638; x_wconf 87' lang='lat' dir='ltr'><strong>manum</strong></span> <span class='ocrx_word' id='word_1_269' title='bbox 594 2596 672 2637; x_wconf 88' lang='lat' dir='ltr'><strong>aut</strong></span> <span class='ocrx_word' id='word_1_270' title='bbox 705 2609 851 2640; x_wconf 87' lang='lat' dir='ltr'><strong>verum</strong></span> <span class='ocrx_word' id='word_1_271' title='bbox 884 2597 1024 2655; x_wconf 90' lang='lat' dir='ltr'><strong>ipsum</strong></span> <span class='ocrx_word' id='word_1_272' title='bbox 1058 2602 1137 2643; x_wconf 91' lang='lat' dir='ltr'><strong>aut</strong></span> <span class='ocrx_word' id='word_1_273' title='bbox 1167 2598 1355 2658; x_wconf 86' lang='lat' dir='ltr'><strong>aliquid,</strong></span> <span class='ocrx_word' id='word_1_274' title='bbox 1394 2596 1508 2655; x_wconf 82' lang='lat' dir='ltr'><strong>quod</strong></span> <span class='ocrx_word' id='word_1_275' title='bbox 1548 2613 1575 2642; x_wconf 88' lang='lat' dir='ltr'><strong>a</strong></span> <span class='ocrx_word' id='word_1_276' title='bbox 1616 2610 1714 2641; x_wconf 84' lang='lat' dir='ltr'><strong>vero</strong></span> <span class='ocrx_word' id='word_1_277' title='bbox 1754 2610 1860 2639; x_wconf 87' lang='lat' dir='ltr'><strong>nou-</strong></span> 
     </span>
     <span class='ocr_line' id='line_1_34' title="bbox 312 2666 1841 2731; baseline 0 -19"><span class='ocrx_word' id='word_1_278' title='bbox 312 2667 464 2725; x_wconf 88' lang='lat' dir='ltr'><strong>procul</strong></span> <span class='ocrx_word' id='word_1_279' title='bbox 517 2666 661 2722; x_wconf 87' lang='lat' dir='ltr'><strong>abest,</strong></span> <span class='ocrx_word' id='word_1_280' title='bbox 714 2667 916 2723; x_wconf 84' lang='lat' dir='ltr'><strong>habuisse</strong></span> <span class='ocrx_word' id='word_1_281' title='bbox 969 2673 1058 2717; x_wconf 87' lang='lat' dir='ltr'><strong>sive</strong></span> <span class='ocrx_word' id='word_1_282' title='bbox 1103 2673 1303 2731; x_wconf 83' lang='lat' dir='ltr'><strong>cognosci</strong></span> <span class='ocrx_word' id='word_1_283' title='bbox 1354 2671 1444 2716; x_wconf 87' lang='lat' dir='ltr'><strong>sive</strong></span> <span class='ocrx_word' id='word_1_284' title='bbox 1489 2670 1637 2729; x_wconf 84' lang='lat' dir='ltr'><strong>colligi</strong></span> <span class='ocrx_word' id='word_1_285' title='bbox 1680 2671 1841 2726; x_wconf 84' lang='lat' dir='ltr'><strong>potest.</strong></span> 
     </span>
     <span class='ocr_line' id='line_1_35' title="bbox 317 2739 1841 2802; baseline 0 -18"><span class='ocrx_word' id='word_1_286' title='bbox 317 2742 475 2798; x_wconf 40' lang='lat' dir='ltr'><strong>Atque·</strong></span> <span class='ocrx_word' id='word_1_287' title='bbox 509 2739 650 2784; x_wconf 85' lang='lat' dir='ltr'><strong>tribus</strong></span> <span class='ocrx_word' id='word_1_288' title='bbox 699 2740 854 2788; x_wconf 83' lang='lat' dir='ltr'><strong>horum</strong></span> <span class='ocrx_word' id='word_1_289' title='bbox 892 2745 1081 2789; x_wconf 89' lang='lat' dir='ltr'><strong>locorum</strong></span> <span class='ocrx_word' id='word_1_290' title='bbox 1124 2749 1340 2790; x_wconf 85' lang='lat' dir='ltr'><strong>corrector</strong></span> <span class='ocrx_word' id='word_1_291' title='bbox 1384 2743 1644 2802; x_wconf 87' lang='lat' dir='ltr'><strong>scripturam</strong></span> <span class='ocrx_word' id='word_1_292' title='bbox 1684 2741 1841 2787; x_wconf 71' lang='lat' dir='ltr'><strong>falsam</strong></span> 
     </span>
     <span class='ocr_line' id='line_1_36' title="bbox 315 2814 1841 2877; baseline -0.004 -14"><span class='ocrx_word' id='word_1_293' title='bbox 315 2834 433 2864; x_wconf 89' lang='lat' dir='ltr'><strong>mero</strong></span> <span class='ocrx_word' id='word_1_294' title='bbox 464 2814 630 2861; x_wconf 86' lang='lat' dir='ltr'><strong>scribae</strong></span> <span class='ocrx_word' id='word_1_295' title='bbox 662 2830 807 2861; x_wconf 88' lang='lat' dir='ltr'><strong>errore</strong></span> <span class='ocrx_word' id='word_1_296' title='bbox 838 2822 995 2873; x_wconf 89' lang='lat' dir='ltr'><strong>ortam,</strong></span> <span class='ocrx_word' id='word_1_297' title='bbox 1028 2821 1219 2877; x_wconf 91' lang='lat' dir='ltr'><strong>quinque</strong></span> <span class='ocrx_word' id='word_1_298' title='bbox 1252 2818 1466 2863; x_wconf 89' lang='lat' dir='ltr'><strong>infelicem</strong></span> <span class='ocrx_word' id='word_1_299' title='bbox 1499 2816 1841 2861; x_wconf 86' lang='lat' dir='ltr'><strong>emendationem</strong></span> 
     </span>
     <span class='ocr_line' id='line_1_37' title="bbox 314 2892 828 2940; baseline 0.006 -4"><span class='ocrx_word' id='word_1_300' title='bbox 314 2893 553 2938; x_wconf 63' lang='lat' dir='ltr'><strong>in-librum</strong></span> <span class='ocrx_word' id='word_1_301' title='bbox 585 2896 623 2940; x_wconf 85' lang='lat' dir='ltr'><strong>G</strong></span> <span class='ocrx_word' id='word_1_302' title='bbox 655 2892 828 2939; x_wconf 87' lang='lat' dir='ltr'><strong>intulit:</strong></span> 
     </span>
    </p>
   </div>
  </div>
 </body>
</html>
