2087 3321
1005 234 1062 278 38

273 352 493 409 scriptura
532 354 586 396 ad
624 354 885 398 sententiam
922 357 1107 410 perapta
1147 358 1231 404 est3
1275 369 1373 397 nam
1413 356 1525 398 idem
1557 356 1646 399 fere
1679 357 1804 399 valet

274 426 407 481 atque
444 425 554 480 illud
593 428 704 482 quin.
782 423 863 468 Sed
903 425 1139 483 genuinam
1178 438 1275 469 eam
1313 429 1471 481 putare
1510 427 1673 472 incauti
1715 430 1794 481 est,

274 513 372 541 cum
405 513 544 553 neque
580 513 724 540 errore
762 512 838 540 nec
874 499 1116 541 mutatione
1146 502 1387 540 ceterorum
1421 488 1796 557 librorumscrip—

275 572 377 613 tura
409 571 599 626 lentaque
635 584 689 613 ex
720 584 770 613 ea
801 571 900 613 orta
930 583 1021 613 esse
1052 569 1202 626 possit.
1250 568 1388 613 Immo
1419 570 1463 615 id
1493 572 1650 630 ipsum,
1673 573 1795 631 ‘quod

275 647 465 698 lentaque
498 641 626 683 nihili
657 644 736 705 est,
771 641 928 685 indicio
959 656 1050 685 esse
1081 640 1210 685 debet
1241 642 1350 685 illud
1371 645 1446 685 sed
1465 644 1621 688 codicis
1644 646 1683 690 Ο
1703 661 1797 690 cor·-v

276 714 433 759 rectori
466 713 744 757 tribuendum
777 729 881 766 esse,
921 714 995 770 qui
1027 716 1252 771 perspecto
1284 714 1436 758 mendo
1468 730 1551 760 non
1584 719 1797 775 optimam

276 788 477 831 adhibuit
514 787 750 838 medelam
789 802 920 843 quam
961 802 1037 829 nos
1078 792 1195 830 certe
1228 802 1310 829 non
1344 789 1668 844 amplectemur,
1701 805 1795 833 cum

278 860 419 904 altera
452 859 531 903 illa
563 862 614 902 ut
645 860 785 905 multo
818 859 954 905 lenior
986 859 1051 903 ita
1081 859 1213 903 etiam
1249 861 1386 904 multo
1418 860 1477 905 sit
1508 862 1789 919 elegantior„

400 932 562 985 64‚139

495 1006 549 1048 At
580 1018 663 1048 non
693 1006 797 1047 haec
829 1007 1039 1060 qnondam
1071 1007 1224 1050 nobis
1253 1010 1462 1061 promissa
1492 1009 1642 1051 dedisti.

504 1079 622 1129 Voce,
639 1078 737 1118 mihi
752 1091 834 1119 non
849 1076 987 1133 (codd.
999 1078 1093 1135 nec)
1111 1080 1215 1121 haec
1232 1081 1408 1122 miserae
1424 1094 1599 1135 sperare
1613 1081 1797 1124 iubebas.

402 1150 473 1193 Sic
495 1150 542 1193 hi
564 1150 648 1193 duo
670 1164 819 1193 versus
835 1149 879 1191 in
897 1150 1096 1193 omnibus
1112 1150 1326 1198 codicibus
1343 1153 1496 1208 scripti
1512 1155 1637 1203 sunt;
1669 1154 1799 1197 codex

278 1224 314 1267 Ο
365 1226 409 1267 et
457 1236 608 1279 margo
654 1221 757 1265 libri
803 1220 839 1264 L
886 1222 1096 1278 praebent
1128 1224 1293 1267 blanda
1339 1237 1419 1279 pro
1465 1225 1583 1268 nobis
1621 1239 1800 1281 eamque

280 1297 538 1353 scripturam
581 1294 873 1338 Baehrensius
920 1298 965 1337 et
1002 1294 1078 1338 alii
1116 1295 1240 1340 unice
1278 1312 1421 1340 veram
1466 1299 1625 1352 putant
1657 1301 1799 1341 totum

278 1371 421 1414 locum
452 1368 513 1413 sic
545 1366 886 1411 conformantes:

495 1443 549 1485 At
580 1456 664 1484 non
693 1443 798 1484 haec
829 1443 1038 1496 quondam
1070 1444 1228 1485 blanda
1256 1445 1468 1497 promissa
1497 1445 1645 1486 dedisti

503 1515 608 1559 Voce
638 1515 750 1567 mihi,
782 1529 865 1558 non
896 1516 1001 1558 haec
1031 1517 1185 1559 misera
1213 1530 1389 1571 sperare
1418 1517 1602 1560 iubebas.

277 1590 337 1632 Et
376 1589 503 1632 facile
541 1602 645 1631 sane
685 1587 966 1643 perspicitur,
1006 1588 1162 1643 quibus
1201 1589 1445 1632 rationibus
1482 1589 1601 1632 ducti
1637 1590 1704 1632 illi
1741 1589 1801 1632 sic

278 1660 579 1707 iudicaverint.
645 1658 838 1704 Primum
876 1659 991 1703 enim
1023 1660 1084 1704 sic
1115 1660 1375 1705 adiectivum
1405 1661 1716 1707 nanciscuntur
1747 1661 1801 1705 ad

278 1739 381 1792 apte
411 1733 702 1778 definiendum
734 1733 1058 1777 substantivum
1088 1748 1202 1786 voce,
1235 1734 1349 1790 quod
1382 1734 1645 1778 nostratium
1676 1748 1802 1777 sensu

278 1810 370 1852 sine
419 1806 617 1865 epitheto
679 1805 809 1853 nimis
856 1806 971 1850 nude
1021 1806 1124 1864 poni
1177 1806 1388 1851 videatur.
1462 1806 1573 1850 Tum
1617 1807 1802 1864 pluralis

279 1885 398 1927 nobis
428 1883 687 1933 removetur,
720 1880 766 1923 in
798 1894 883 1936 quo
914 1878 1010 1935 quis
1042 1880 1220 1923 haerere
1251 1881 1388 1936 possit
1418 1880 1568 1924 statim
1596 1882 1804 1935 sequente

278 1953 493 2013 singulari
533 1954 643 1997 mihi.
708 1952 907 2009 Denique
939 1952 974 1995 si
1006 1953 1125 1996 nobis
1156 1952 1375 2006 scribitur,
1407 1968 1505 2004 cum
1537 1954 1634 1996 mihi
1665 1952 1719 1996 ad
1752 1966 1803 1996 ea

278 2043 390 2086 quae
423 2027 664 2083 sequuntur
696 2025 958 2068 trahendum
996 2026 1074 2077 sit,
1110 2026 1287 2068 verbum
1319 2026 1495 2068 iubendi
1525 2040 1623 2068 cum
1654 2025 1802 2068 dativo

278 2099 557 2145 coniunctum
595 2097 827 2149 habemus;
874 2112 1006 2155 qnam
1045 2098 1326 2143 offensionem
1365 2097 1432 2141 illi
1468 2098 1533 2143 ita
1571 2097 1801 2156 effugiunt,

281 2177 330 2216 ut
377 2174 535 2215 blanda
574 2172 811 2216 scribentes
851 2174 949 2214 mihi
985 2171 1040 2214 ad
1087 2172 1361 2215 enuntiatum
1393 2172 1514 2228 prius
1543 2172 1727 2216 trahant
1757 2173 1803 2213 et

279 2245 524 2289 mutatione
556 2244 663 2288 satis
695 2243 782 2286 leni
814 2257 866 2286 ex
896 2247 1073 2288 miserae
1105 2243 1299 2288 efficiant
1330 2247 1484 2288 misera
1504 2244 1576 2288 vel
1595 2245 1799 2288 miseram.

278 2321 373 2363 Iam
406 2334 507 2362 vero
538 2319 595 2370 id,
629 2318 741 2361 unde
773 2317 1064 2374 discrepantia
1096 2319 1213 2368 nobis
1244 2320 1343 2362 orta
1374 2319 1445 2371 sit,
1478 2317 1695 2373 explicare
1717 2330 1802 2358 non

278 2395 473 2450 possunt.
537 2390 651 2434 Nam
689 2389 804 2447 quod
843 2391 960 2433 nobis
997 2405 1141 2433 errore
1172 2405 1252 2447 pro
1284 2393 1440 2434 blanda
1471 2390 1679 2446 scriptum
1712 2402 1802 2432 esse

278 2466 449 2518 dicunt,
503 2465 546 2508 id
603 2462 889 2521 probabiliter
935 2462 1128 2519 profecto
1181 2463 1248 2507 illi
1295 2478 1383 2508 non
1430 2464 1592 2509 dicunt.
1661 2461 1803 2513 Quare

279 2542 477 2583 nostrum
515 2538 600 2582 erit
644 2535 889 2581 accuratius
926 2535 1144 2592 inquirere
1181 2536 1226 2580 in
1266 2536 1456 2581 rationes
1495 2535 1607 2589 illas,
1646 2534 1802 2591 quibus

278 2612 495 2668 scriptura
528 2611 686 2654 blanda
716 2609 1008 2654 commendari
1039 2607 1281 2659 videbatur,

400 2684 451 2728 In
484 2699 569 2741 quo
602 2685 748 2728 autem
771 2680 1082 2726 Baehrensium
1116 2684 1160 2725 et
1191 2682 1334 2739 ipsum
1367 2679 1438 2723 vix
1471 2679 1658 2725 haesisse
1679 2680 1800 2735 puto,

280 2758 361 2801 hoc
408 2761 492 2809 est,
541 2755 656 2813 quod
702 2755 968 2811 pronominis
1014 2754 1179 2810 primae
1227 2768 1435 2810 personae
1475 2767 1678 2796 numerus
1709 2754 1801 2797 tam

279 2831 425 2875 subito
456 2831 675 2881 mutatur;
706 2828 827 2872 cuius
859 2827 1116 2871 mutationis
1149 2827 1347 2884 exempla
1377 2840 1474 2870 cum
1502 2825 1617 2881 apud
1638 2826 1804 2867 ceteros

278 2903 510 2960 scriptores
541 2905 636 2946 tum
669 2901 783 2959 apud
807 2899 1028 2945 Catullum
1062 2915 1145 2944 non
1179 2915 1278 2945 rara
1310 2905 1426 2945 sunt.
1474 2898 1655 2942 Prorsus
1686 2910 1803 2941 com-
