2087 3321
359 868 536 913 Carolus
567 868 868 912 Lachmannus
906 867 951 910 in
990 867 1230 910 recensione
1268 865 1506 909 carminum
1539 862 1753 908 Catullia-

238 957 404 995 norum,
437 955 548 998 quae
579 955 693 985 anno
728 940 842 990 1829
874 940 1061 997 primum
1092 938 1137 982 in
1168 938 1389 996 publicum
1430 938 1603 995 prodiit,
1644 937 1751 981 duo-

237 1016 317 1058 bus
348 1007 564 1058 codicibus
595 1029 695 1058 usus
734 1016 814 1069 est,
850 1013 973 1056 libris
1004 1010 1146 1055 Caroli
1189 1009 1296 1055 Dati
1328 1009 1407 1068 (D)
1448 1013 1494 1054 et
1525 1010 1750 1054 Laurentii

239 1085 436 1132 Santenii
459 1085 554 1146 (L);
588 1086 703 1132 inter
734 1102 840 1145 quos
861 1085 914 1140 D,
948 1085 1031 1130 nisi
1059 1087 1208 1142 aperte
1229 1084 1341 1128 falsa
1372 1087 1416 1128 et
1447 1083 1550 1128 ficta
1571 1084 1752 1141 praebe-

239 1159 330 1212 bat,
376 1158 516 1203 multo
561 1160 768 1204 maiorem
814 1173 943 1215 quam
982 1158 1019 1201 L
1042 1157 1186 1213 fidem
1221 1157 1427 1200 habebat.
1493 1156 1636 1212 Atque
1667 1157 1752 1200 hae

239 1231 426 1276 editione
460 1246 556 1276 eum
588 1247 685 1277 cum
716 1232 763 1276 in
795 1229 1061 1276 recensendis
1090 1232 1244 1286 poetae
1280 1228 1542 1273 carminibus
1582 1229 1752 1272 firmum

240 1303 447 1348 struxisse
480 1304 808 1348 fundamentum
841 1306 932 1344 tum
965 1303 1011 1345 iu
1043 1301 1308 1345 emendando
1339 1303 1465 1344 textu
1497 1301 1658 1344 multos
1690 1302 1755 1343 lo-

239 1391 309 1420 eos
342 1376 515 1434 egregie
546 1375 787 1420 restituisse
817 1374 915 1418 inde
946 1374 1002 1417 ab
1033 1373 1123 1418 eius
1145 1375 1290 1417 aetate
1321 1387 1455 1430 usque
1485 1373 1538 1418 ad
1561 1376 1756 1418 nostram

239 1463 430 1501 summus
460 1449 576 1492 inter
607 1448 720 1492 viros
751 1447 1145 1491 doctos-consensus
1166 1449 1275 1489 erat.
1338 1445 1579 1491 Novissime
1610 1449 1755 1491 autem

239 1522 504 1575 extiterunt,
536 1520 630 1577 qui,
662 1519 859 1577 quamvis
892 1534 1051 1577 magna
1083 1519 1174 1563 eius
1205 1520 1256 1563 de
1287 1519 1552 1564 emendando
1583 1518 1756 1565 Catullo

239 1594 394 1638 merita
427 1596 724 1652 agnoscerent,
757 1596 903 1637 tamen
934 1606 1108 1649 prorsus
1139 1592 1298 1637 falsum
1330 1595 1375 1635 et
1406 1592 1620 1637 incertum
1658 1608 1755 1637 eum

239 1667 422 1711 editioni
454 1682 557 1711 suae
587 1665 916 1710 fundamentum
948 1665 1219 1723 supposuisse
1245 1664 1578 1711 arbitrarentur.
1642 1666 1755 1711 Nam

238 1742 338 1797 post
370 1739 638 1784 Lachmanni
669 1739 791 1782 illam
824 1748 998 1796 operam
1031 1740 1246 1796 xprotracti
1279 1743 1381 1783 sunt
1420 1740 1463 1783 in
1500 1737 1641 1784 lucem
1672 1740 1757 1784 duo

239 1813 401 1857 codices
423 1811 804 1871 sangermanensis
837 1810 927 1871 (G),
959 1811 1011 1856 de
1042 1826 1127 1869 quo
1158 1814 1323 1870 primus
1355 1812 1553 1871 Silligius
1584 1815 1631 1858 in
1654 1813 1757 1859 Iah-

241 1886 301 1930 nii
333 1887 557 1931 annalium
588 1885 740 1942 philol.
773 1884 883 1929 XIII
916 1884 1073 1944 (1830)
1107 1887 1294 1940 rettulit,
1328 1889 1373 1930 et
1395 1884 1650 1931 Oxoniensis
1673 1887 1749 1946 (Ο)

239 1959 359 2004 euius
391 1958 551 2003 not-itia
572 1957 725 2002 Ellisio
746 1958 928 2002 debetur
958 1957 1041 2016 (ed.
1074 1959 1174 2002 anni
1202 1958 1349 2018 1867),
1383 1962 1515 2017 atque
1536 1960 1615 2004 hos
1647 1961 1752 2005 duos

240 2033 350 2076 solos
390 2034 540 2076 testes·
561 2032 747 2076 sinceros
803 2045 915 2075 esse.
938 2031 1004 2075 illi
1047 2035 1220 2089 putant,
1260 2034 1372 2077 solos
1410 2033 1523 2077 enim
1561 2048 1614 2077 ex
1661 2035 1754 2091 ipso

239 2104 478 2162 archetypo
540 2102 778 2149 Veronensi
831 2102 930 2163 (V),
977 2120 1031 2149 ex
1075 2120 1160 2162 quo
1207 2120 1354 2150 omnes
1401 2106 1533 2150 libros
1588 2110 1758 2150 nostros

239 2177 413 2221 fluxisse
434 2180 618 2229 constat,
641 2177 853 2235 originem
876 2177 1066 2229 duxisse;
1090 2179 1276 2235 reliquos
1299 2194 1384 2222 non
1407 2180 1597 2236 exeeptis
1619 2178 1758 2223 Lach-

239 2251 386 2294 manni
419 2249 542 2294 libris
573 2264 626 2293 ex
647 2248 686 2293 G
706 2249 922 2294 derivatos
956 2265 1078 2316 esse3‘
1101 2249 1140 2293 D
1157 2254 1317 2305 autem,
1351 2267 1478 2309 quem
1509 2252 1585 2295 ille
1607 2252 1757 2295 ducem

238 2323 343 2367 loeis
384 2323 583 2367 omnibus
616 2322 875 2367 dubitationi
908 2324 1104 2368 obnoxiis
1143 2324 1349 2383 elegerat,
1398 2326 1628 2382 pessimum
1667 2340 1757 2369 esse

244 2396 436 2440 omnium
468 2395 658 2440 codicum
692 2395 1066 2453 interpolatorum,
1100 2397 1169 2440 eui
1201 2398 1324 2442 nulla
1351 2413 1525 2454 prorsus
1545 2399 1649 2443 fides
1682 2398 1761 2442 ha-

240 2468 380 2526 benda
411 2469 481 2512 sit.
536 2467 677 2519 Quare
709 2484 797 2514 non
826 2468 981 2513 inutile
1001 2467 1172 2514 videtur
1202 2471 1497 2528 quaestionem
1518 2471 1760 2525 instituere,

239 2543 284 2585 in
316 2554 402 2597 qua
455 2541 758 2597 disquiramus,
797 2557 882 2598 qua
922 2545 1047 2598 parte
1086 2542 1369 2587 fundamenta
1417 2559 1443 2587 a
1480 2544 1761 2588 Lachmanno

239 2610 362 2658 iacta
393 2613 627 2659 deserenda
657 2613 897 2660 videantur.

364 2759 509 2819 Atque
539 2761 680 2819 prima
718 2762 1094 2808 commentationis
1133 2764 1305 2807 nostrae
1334 2763 1551 2819 particula
1583 2778 1762 2823 agemus

239 2833 292 2877 de
323 2834 466 2879 codiee
498 2833 549 2886 G,
581 2849 710 2890 quem
745 2837 791 2878 et
823 2836 1103 2879 vetustiorem
1125 2834 1391 2879 Lachmanni
1424 2836 1548 2879 libris
1580 2839 1626 2880 et
1658 2839 1764 2895 ipsi·

241 2921 290 2949 us
332 2906 488 2952 codicis
522 2905 561 2950 V
595 2908 878 2966 apographon
922 2923 1012 2953 esse
1052 2923 1195 2953 omnes
1228 2908 1519 2955 consentiunt.
1584 2910 1679 2963 Qua
1718 2910 1782 2954 in*

1502 2972 1522 3006 1
