2087 3321
937 226 995 269 35

211 338 477 388 Thuaneu83.
493 335 665 379 collatis
697 335 921 391 utriusque
951 335 1107 379 codicis
1138 334 1365 390 scripturis
1400 349 1544 378 veram
1567 338 1719 391 poetae

213 423 389 454 manum
419 407 729 464 cognoscimus.
741 408 786 464 *)
1499 423 1501 425 ·

336 479 441 533 24‚4
611 474 613 476 ’

431 553 595 594 Mallem
626 553 793 594 divitias
824 554 900 594 uti
929 553 1123 595 dedisses.

334 621 403 668 Sic
424 614 727 669 Lachmannus
754 623 799 666 in
820 623 961 680 prima
982 622 1169 668 editione
1188 623 1462 669 scribendum
1482 622 1724 681 proposuit,

213 695 378 740 codices
414 696 626 753 praebent
662 698 719 739 mi
754 697 948 740 dedisses.
1026 693 1110 739 Sed
1150 698 1380 753 postquam
1418 695 1640 753 Hauptius
1680 696 1727 739 in

213 768 304 827 obs.
350 768 449 815 crit.
495 784 538 825 p.
586 769 614 813 8
661 768 746 826 (οΡ.
796 767 818 812 Ι
862 784 906 825 p.
956 768 1031 827 79)
1078 768 1401 813 commonefecit
1433 766 1632 814 Vossium
1680 768 1727 812 in

215 840 404 885 editione
434 856 512 885 sua
542 841 749 887 scribere:

430 916 595 958 Mallem
625 916 793 958 divitias
822 915 962 963 Midae
992 915 1188 967 dedisses,

215 1000 339 1029 nemo
392 986 478 1029 iam
509 985 703 1038 dubitat,
744 985 849 1043 quin
899 984 1003 1029 haec
1055 986 1271 1042 scriptura
1309 993 1411 1028 vera
1451 985 1519 1028 sit.
1581 985 1726 1043 Atque

215 1060 356 1114 ipsum
402 1059 484 1103 hoc
522 1061 662 1103 Midae
707 1061 888 1103 dedisses
933 1058 978 1100 in
1018 1057 1055 1102 Ο
1093 1060 1320 1102 exaratum
1356 1062 1443 1110 est,
1492 1058 1575 1101 nisi
1613 1058 1726 1114 quod

215 1133 346 1194 verba
376 1147 464 1176 non
495 1134 610 1176 recte
640 1132 846 1177 distincta
877 1134 979 1176 sunt
1008 1134 1065 1175 mi
1094 1131 1340 1175 dededisses.

325 1206 469 1258 ,10151

432 1280 550 1323 Nunc
581 1285 718 1323 tamen
748 1281 921 1332 interea,
951 1279 1091 1334 prisco
1123 1290 1230 1333 quae
1261 1290 1387 1325 more,
1401 1283 1638 1333 parentum.

338 1351 456 1395 Haec
489 1351 791 1395 Lachmaunus
822 1367 874 1396 ex
897 1351 935 1393 D
968 1350 1115 1402 edidit,
1148 1348 1185 1392 Ο
1217 1349 1393 1393 exhibet
1421 1353 1583 1394 interea
1611 1354 1730 1405 haec,

216 1425 361 1478 ceteri,
389 1425 435 1468 in
466 1423 623 1481 quibus
654 1423 690 1466 L
721 1425 767 1467 et
798 1422 850 1476 G,
881 1426 1040 1468 interea
1070 1425 1159 1466 hoc.
1223 1421 1338 1465 Illud
1369 1424 1460 1476 Ιιοο,
1493 1423 1607 1480 quod
1637 1424 1730 1480 ple-

216 1497 339 1552 rique
384 1495 548 1553 eodices
595 1499 836 1549 testantur,
884 1512 1001 1541 mero
1049 1510 1193 1539 errore
1238 1498 1383 1538 ortum
1422 1511 1509 1540 non
1545 1497 1730 1541 videtur.

216 1567 358 1620 Quare
389 1567 625 1612 rectissime
657 1567 908 1613 Schwabius
940 1566 1125 1627 (quaest.
1158 1583 1200 1625 p.
1225 1565 1332 1626 276)
1365 1568 1445 1613 hoc
1477 1569 1569 1614 loco
1591 1569 1733 1614 Lach-

217 1655 424 1684 mannum
462 1641 574 1684 libro
605 1640 645 1682 D
685 1641 865 1684 nimium
904 1641 1112 1684 confisum
1148 1655 1238 1683 csse
1269 1641 1373 1684 dicit
1405 1644 1450 1684 et
1480 1645 1731 1699 comparato

197 1702 257 1758 >v.
295 1714 354 1758 43
392 1705 502 1760 Giris
549 1714 821 1758 scribendum
859 1728 950 1756 esse
985 1713 1164 1770 probat.
1212 1712 1255 1757 id
1286 1714 1400 1771 quod
1431 1717 1582 1772 postea
1614 1715 1660 1759 in
1692 1714 1729 1759 Ο

217 1787 441 1831 inventum
472 1790 560 1831 cst:
844 1789 846 1791 ’

435 1862 554 1904 Nunc
575 1867 711 1904 tamen
732 1863 892 1904 interea
912 1862 1050 1912 haec,
1071 1862 1211 1916 prisco
1233 1874 1341 1916 quae
1362 1875 1475 1904 more
1494 1869 1728 1917 parentum.

338 1932 432 1977 Iam
463 1948 561 1977 cum
591 1931 698 1977 satis
728 1931 780 1976 de
810 1932 870 1975 eis
901 1931 1006 1976 locis
1037 1932 1257 1977 videamur
1286 1933 1420 1977 locuti
1441 1949 1544 1988 esse,
1576 1935 1732 1992 quibus

219 2006 256 2051 O
289 2006 558 2051 Lachmanni
597 2006 720 2049 libris
754 2004 793 2047 D
831 2009 875 2048 et
907 2005 941 2048 L
977 2008 1174 2063 praestat
1207 2030 1265 2038 --
1295 2022 1396 2062 nam
1429 2006 1584 2051 ceteris
1612 2006 1731 2061 locis,

219 2080 294 2122 ubi
339 2080 423 2122 viri
460 2080 575 2123 docti
608 2080 762 2123 codicis
794 2078 831 2123 Ο
869 2080 1131 2124 auctoritate
1163 2080 1247 2123 nisi
1278 2097 1304 2124 a
1342 2079 1622 2125 Lachmanno
1659 2083 1733 2125 de-

219 2150 414 2204 flectunt,
450 2150 540 2195 fere
570 2152 767 2196 omnibus
800 2167 884 2196 non
916 2152 1022 2197 satis
1052 2154 1179 2197 caute
1208 2152 1446 2198 iudicantes
1477 2152 1602 2197 nimis
1635 2153 1733 2199 fidei

222 2224 321 2269 huic
359 2224 492 2268 codici
527 2224 730 2269 videntur
762 2225 921 2270 habere
969 2250 1027 2258 —-
1074 2225 1144 2270 hic
1175 2225 1323 2284 paucis
1355 2226 1490 2270 totius
1522 2240 1731 2271 summam

220 2299 569 2355 complectemur.

342 2370 488 2427 Atque
525 2370 713 2426 primum
744 2370 931 2414 codicem
963 2370 1000 2414 O
1040 2386 1188 2415 verum
1220 2370 1437 2426 exhibere,
1469 2387 1567 2416 cum
1597 2374 1733 2430 scrip-

220 2447 347 2488 turae
386 2445 596 2487 librorum
628 2442 669 2486 D
701 2446 746 2487 et
777 2442 811 2486 L
850 2442 1112 2500 depravatae
1143 2446 1299 2496 esseut,
1339 2442 1385 2486 in
1417 2443 1499 2500 hac
1530 2445 1735 2491 disserta-

222 2517 356 2565 tionis
401 2518 528 2575 parte
574 2515 758 2560 vidimus
798 2516 1097 2575 undetriginta
1143 2516 1271 2569 locis;
1319 2516 1379 2559 eis
1428 2530 1451 2559 e
1497 2516 1638 2572 priore
1683 2518 1736 2562 de

317 2664 353 2708 *)
391 2661 436 2699 Iu
467 2660 650 2705 Fleckeis.
689 2673 778 2699 ann.
811 2661 905 2701 1880
936 2674 974 2710 p.
1008 2661 1080 2700 490
1106 2660 1316 2699 Schoellius
1351 2660 1512 2708 negavit
1540 2660 1734 2700 Catullum

223 2734 351 2760 vocem
372 2723 484 2769 patri
514 2722 703 2770 producta
736 2721 889 2773 syllaba
914 2722 1040 2774 prima
1065 2721 1293 2775 adhibuisse.
1343 2720 1418 2758 Sed
1443 2723 1548 2769 apud
1572 2725 1737 2763 eundem

223 2782 414 2821 Catullum
439 2782 632 2820 habentur·
657 2794 837 2830 cupressu
861 2783 1004 2829 64,291,
1039 2782 1176 2830 duplex
1201 2782 1328 2826 68,51‚
1359 2781 1555 2828 stay-randi
1566 2782 1737 2821 'verbum

222 2845 339 2889 64391.
367 2844 486 2888 6725.
514 2843 636 2888 68,73.
665 2845 744 2888 139,
769 2846 903 2882 mitrae
927 2844 1045 2889 6458,
1075 2844 1211 2881 scabra
1233 2843 1378 2888 68‚151‚
1406 2853 1580 2890 supremo
1606 2845 1734 2890 64,151

222 2903 412 2952 producta
436 2904 561 2953 prima
585 2904 627 2942 et
652 2914 701 2942 ox
723 2904 903 2942 Lucretio
938 2904 1105 2942 sufficiat
1128 2903 1306 2941 attulisse
1330 2901 1593 2991 patre{*(1v
1619 2907 1734 2952 1222).
