2087 3321
1011 227 1038 269 6

479 350 713 401 Prodest,
745 350 868 391 immo
900 350 1023 391 etiam
1056 350 1192 391 taedet
1224 350 1418 407 obestque
1450 351 1582 405 mayt's
1663 366 1667 371 ’

259 419 351 463 vel:
642 412 644 414 ’
1368 440 1370 442 ’
1454 420 1455 423 ’

1295 494 1398 535 nihil
1425 495 1575 549 fecisse
1609 495 1780 550 benique

478 566 697 616 laverit,
731 567 853 607 immo
885 567 1007 610 etiam
1040 570 1066 605 t.
1099 578 1136 607 o.
1169 578 1221 606 m.

260 636 340 679 Sed
375 637 464 678 tale
495 636 672 678 verbum
709 636 883 679 finit-um
916 651 969 679 ex
994 650 1079 678 -usu
1111 636 1318 699 sermonis
1341 635 1488 680 Latini
1518 653 1606 681 non
1637 639 1781 694 requi-

259 710 383 752 ritur.
415 701 418 705 ’
440 706 552 751 Nam
586 708 623 750 si
653 708 830 751 verbum
861 708 1180 752 substantivum
1202 709 1347 752 animo
1367 708 1581 753 audiveris
1601 713 1704 754 nihil
1722 717 1782 755 est

258 784 409 838 fecisse
441 783 626 836 benique,
659 782 837 838 plenum
862 782 1137 825 enuntiatum
1161 782 1330 827 evadet.
1383 781 1446 825 De
1472 796 1597 825 sensu
1618 789 1779 836 autem,

257 855 332 911 qui
364 854 479 897 inest
510 855 556 896 in
590 854 670 897 hoc
701 857 803 897 nihil
833 862 907 906 est,
940 857 1041 910 apte
1073 855 1307 897 contuleris
1330 854 1477 899 Plauti
1499 870 1683 908 versum,
1706 858 1781 913 qui

257 931 323 970 est
356 926 399 968 in
434 925 558 982 Capt.
594 926 683 969 344
716 926 780 982 (II
811 925 952 983 2‚94):

478 1001 530 1041 At
562 1001 665 1043 nihil
695 1007 753 1042 est
786 1002 966 1055 iqnotum
1001 1001 1058 1041 ad
1081 1000 1192 1041 illum
1215 1001 1394 1041 mittere.-
1426 1014 1596 1055 operam
1620 1003 1780 1055 luseris,

257 1073 378 1116 cuius
411 1087 558 1115 versus
590 1072 724 1116 verba
756 1077 952 1116 extrema
985 1071 1093 1115 illud
1126 1073 1228 1114 nihil
1256 1078 1316 1115 est
1337 1071 1523 1128 perbene
1545 1074 1779 1130 explicant.

258 1143 414 1201 Itaque
462 1159 559 1188 cum
607 1146 783 1188 verbum
835 1145 921 1187 illis
974 1144 1074 1188 addi
1120 1144 1404 1188 necessarium
1453 1159 1537 1188 non
1585 1146 1782 1191 videatur

257 1214 440 1273 cumque
487 1232 573 1260 non
624 1221 693 1260 sat
740 1218 1024 1273 probabiliter
1070 1217 1154 1260 dici
1193 1216 1349 1273 possit,
1398 1232 1483 1273 quo
1519 1232 1663 1262 errore
1703 1222 1781 1264 aut

256 1292 431 1356 prodest
463 1293 541 1333 aut
572 1293 721 1333 iuverit
753 1289 972 1341 exciderit,
1006 1289 1135 1333 missa
1168 1289 1373 1333 faciemus
1407 1290 1511 1334 haec
1538 1291 1779 1337 conamina.

259 1361 512 1405 Ceterarum
561 1367 708 1406 autem
757 1362 1110 1404 emendationum
1158 1376 1181 1403 e
1227 1377 1407 1405 numero
1453 1363 1653 1417 Avantii‚
1707 1366 1781 1421 qui

258 1433 437 1478 verbum
471 1438 608 1479 taedet
639 1436 705 1480 bis
736 1434 903 1493 posuit:

475 1511 606 1552 Immo
638 1512 760 1552 etiam
794 1510 944 1559 taedet,
978 1510 1151 1550 taedet
1182 1509 1375 1562 obestque
1407 1512 1540 1564 maqis

257 1580 420 1639 duplici
453 1583 621 1626 ratione
653 1580 893 1639 probabilis
925 1584 1009 1633 est,
1051 1580 1164 1638 quod
1196 1580 1319 1639 origo
1349 1579 1467 1624 illius
1499 1580 1689 1627 defectus
1721 1583 1781 1628 sic

257 1655 301 1696 in
333 1655 570 1711 propatulo
610 1658 676 1697 est
715 1658 760 1696 et
800 1657 937 1697 taedet
976 1668 1062 1696 non
1094 1654 1186 1696 sine
1218 1654 1458 1696 sententiae
1490 1655 1782 1698 emolumento

257 1727 323 1772 bis
354 1727 548 1784 ponitur.
640 1751 642 1753 ·

382 1800 510 1852 76‚11
548 1799 654 1844 haec
686 1798 992 1843 Lachmannus
1025 1798 1180 1842 edidit:

478 1875 607 1925 Quin
645 1880 696 1915 tu
737 1875 903 1916 am‘mo
944 1874 1190 1927 affirmas
1237 1874 1418 1928 itaque
1463 1874 1584 1915 istinc
1631 1878 1782 1927 teque

1345 1946 1526 1998 reducis,

548 2021 606 2061 Et
638 2021 726 2061 deis
757 2021 896 2061 invitis
928 2021 1080 2061 desinis
1112 2033 1198 2061 esse
1230 2021 1385 2061 miser?

378 2089 497 2134 Duas
543 2090 700 2146 prioris
747 2105 896 2133 versus
942 2093 1090 2147 partes
1142 2090 1449 2134 Lachmannus
1501 2104 1591 2134 esse
1642 2090 1782 2135 voluit

256 2162 419 2220 duplici
451 2162 667 2219 particula
699 2178 778 2219 qne
798 2163 1071 2207 coniunctas:
1105 2166 1203 2219 quin
1225 2170 1268 2205 tu
1290 2170 1327 2206 et
1350 2165 1487 2206 animo
1508 2165 1570 2206 ita
1592 2163 1782 2218 affirmas

257 2243 295 2279 et
336 2243 374 2278 te
410 2238 531 2280 istinc
570 2237 765 2278 reducis?
824 2234 906 2278 Sed
945 2250 1209 2292 quamquam
1249 2235 1508 2291 particulam
1550 2250 1628 2292 que
1668 2236 1782 2291 apud

257 2313 408 2365 poetas
446 2323 573 2365 saepe
614 2324 700 2353 non
740 2309 906 2365 primae
945 2308 1162 2352 enuntiati
1203 2308 1379 2353 voculae
1419 2308 1591 2353 adnecti
1629 2310 1781 2352 notum

257 2386 336 2434 est,
376 2383 523 2424 tamen
563 2381 644 2425 hoc
682 2382 775 2425 loco
815 2384 1060 2438 postremae
1097 2382 1191 2424 voci
1232 2381 1364 2425 affixa
1402 2380 1554 2424 dubito
1586 2396 1643 2425 an
1676 2380 1782 2424 ferri

255 2455 405 2511 possit.
470 2453 568 2497 Non
608 2455 873 2506 dubitarem,
916 2454 951 2495 si
989 2455 1167 2497 verbum
1210 2454 1400 2509 affirmas
1438 2458 1704 2510 postremum
1736 2453 1781 2496 in

257 2526 487 2570 enuntiato
525 2527 666 2570 locum
708 2529 877 2570 teneret
915 2526 1039 2583 eique
1078 2527 1294 2582 particula
1332 2542 1409 2583 que
1448 2527 1617 2570 adnexa
1648 2528 1781 2577 esset3

255 2600 298 2641 in
339 2599 471 2643 verbo
509 2599 622 2643 enim
664 2599 798 2643 totius
838 2599 1056 2643 enuntiati
1096 2599 1219 2655 quasi
1258 2598 1322 2643 vis
1361 2599 1611 2643 continetur
1658 2598 1782 2654 eique

255 2686 511 2729 quocunque
553 2672 646 2715 loco
683 2671 862 2729 ponitur
902 2675 1003 2728 apte
1042 2672 1259 2729 particula
1298 2687 1375 2729 que
1422 2671 1548 2728 affigi
1596 2671 1779 2724 videtur,

256 2760 339 2789 non
382 2747 447 2790 ita
485 2745 663 2790 voculae
702 2747 801 2803 post
842 2746 1017 2789 verbum
1059 2746 1308 2791 collocatae.
1382 2744 1465 2790 Sed
1511 2745 1629 2789 aliud
1677 2745 1782 2802 quid

256 2819 369 2863 inest
409 2819 452 2863 in
495 2819 732 2871 sententia,
774 2833 860 2876 quo
898 2819 994 2876 quis
1034 2833 1109 2862 suo
1148 2818 1240 2861 iure
1280 2818 1437 2862 offendi
1477 2819 1625 2875 possit.
1688 2817 1781 2868 Quo

254 2893 367 2935 enim
401 2893 613 2947 respicere
645 2893 837 2935 dicamus
870 2893 978 2934 illud
1010 2893 1099 2934 ita?
1136 2891 1247 2942 Quid
1270 2891 1467 2934 Catullus
1500 2905 1544 2933 se
1576 2891 1782 2932 hortatur
