2087 3321
1040 236 1098 279 42

303 354 548 412 complures
588 354 768 402 Tacitei.
831 354 882 399 In
921 354 1136 400 Ciceronis
1173 355 1360 412 epistola
1398 355 1453 401 ad
1492 355 1688 401 Atticum
1729 354 1833 402 data

303 425 368 469 IX
388 426 489 479 13,2
512 428 723 474 traditur:
756 442 1009 484 quamquam
1030 430 1109 471 liae
1130 430 1227 471 milii
1248 430 1410 472 litterae
1432 431 1672 474 Dolabellae
1692 430 1832 473 iubent

305 501 363 543 ad
393 503 598 556 pristinas
640 503 910 556 capitatione:
940 503 1111 552 reverti,
1151 500 1223 546 sed
1263 500 1449 545 editores
1480 503 1758 548 consentiunt
1788 502 1834 545 in

305 573 470 618 edendo
502 574 745 618 accusativo
777 588 852 616 me.
913 572 954 620 Α
976 571 1127 616 Tacito
1160 572 1336 617 iubendi
1366 575 1546 617 verbum
1567 589 1666 620 cum
1686 575 1835 619 dativo

306 645 512 702 coniungi
544 645 659 689 inter
688 659 836 688 omnes
868 646 1053 689 constat.
1101 643 1256 689 Libere
1287 644 1423 704 igitur
1454 646 1748 702 profitendum
1770 650 1836 691 est

307 722 482 773 praeter
513 733 646 760 unum
678 718 804 760 illum
838 718 980 761 locum
1013 717 1365 769 Ciceronianam,
1401 719 1474 774 qui
1506 734 1532 766 a
1565 718 1668 762 viris
1698 719 1836 764 doctis

307 792 537 847 corruptus
576 789 785 845 habetur,
826 791 935 835 nihil
976 805 1079 844 esse,
1122 805 1175 836 ex
1205 806 1291 848 quo
1322 791 1500 835 verbum
1532 791 1708 839 iubendi
1738 807 1837 836 cum

307 860 455 904 dativo
493 863 772 907 coniunctum
814 865 978 908 Catulli
1019 864 1286 919 temporibus
1326 864 1370 906 in
1409 877 1489 907 usu
1527 864 1658 907 fuisse
1690 864 1838 921 colligi

306 932 458 990 possit.
520 933 632 978 Eum
677 951 799 980 usum
857 940 1005 982 autem
1047 951 1132 981 non
1176 935 1352 981 omnino
1393 936 1626 981 abhorrere
1667 936 1724 981 ab
1769 936 1839 980 in-

307 1005 438 1063 genio
471 1006 646 1063 linguae
679 1007 863 1054 Latinae
895 1024 948 1052 ex
980 1008 1132 1052 Tacito
1164 1009 1473 1065 cognoscimus.
1535 1008 1691 1065 Itaque
1722 1008 1837 1052 baud

306 1077 395 1122 scio
428 1094 486 1123 an
519 1078 708 1124 hominis
741 1081 860 1126 cauti
892 1081 950 1125 sit
981 1081 1250 1138 acquiescere
1282 1081 1328 1124 in
1359 1081 1577 1137 scriptura
1608 1081 1794 1126 tradita:

527 1153 581 1194 At
611 1167 693 1196 uon
725 1156 829 1197 haec
861 1156 1070 1211 quondam
1101 1155 1220 1198 nobis
1248 1156 1458 1209 promissa
1490 1155 1640 1198 dedisti

535 1227 651 1281 Voce,
685 1230 804 1271 mihi
834 1241 917 1271 non
948 1229 1052 1270 haec
1082 1229 1284 1270 miserae
1313 1241 1489 1282 sperare
1518 1228 1705 1274 iubebas.

308 1297 392 1349 Qui
424 1301 572 1342 autem
604 1300 686 1343 sibi
718 1301 975 1357 persuadere
997 1315 1080 1345 non
1103 1303 1249 1356 potest
1271 1298 1493 1343 Catullum
1515 1299 1644 1343 verbo
1665 1299 1839 1343 iubendi

309 1371 374 1414 ita
426 1385 552 1415 usum
601 1386 712 1426 esse,
759 1372 797 1415 is
843 1372 985 1416 locum
1033 1387 1186 1417 sanare
1226 1373 1413 1424 studeat,
1452 1371 1525 1414 sed
1564 1386 1651 1415 non
1688 1373 1752 1415 ita
1794 1374 1843 1414 ut

310 1444 472 1487 reiecto
504 1446 623 1489 nobis
653 1445 878 1501 praeferat
909 1447 1078 1489 blanda.
1126 1445 1177 1488 Id
1209 1444 1325 1489 enim
1358 1444 1593 1488 tenendum
1624 1447 1689 1488 est
1720 1444 1844 1487 nullo

312 1515 439 1560 modo
472 1517 661 1575 perspici
692 1532 829 1575 posse,
864 1533 952 1575 qua
984 1518 1156 1563 ratione
1189 1519 1309 1562 nobis
1339 1532 1393 1561 ex
1425 1517 1583 1561 blanda
1614 1518 1758 1561 ortum
1783 1517 1842 1560 sit

310 1593 462 1633 contra
494 1592 653 1634 blanda
691 1591 826 1634 videri
858 1606 948 1635 esse
985 1594 1278 1635 commentum
1316 1589 1501 1633 hominis
1537 1589 1654 1633 haud
1690 1589 1846 1653 stulti„

311 1661 386 1719 qui
419 1677 473 1706 ex
506 1663 654 1709 eadem
687 1664 905 1721 scriptura
939 1663 1308 1721 proficiscebatur,
1349 1678 1460 1719 quae
1492 1663 1539 1707 in
1572 1662 1694 1707 libris
1728 1660 1845 1706 DLG

313 1734 514 1781 habetur.

436 1808 602 1864 64‚273

531 1884 781 1937 Procedant,
814 1885 989 1928 leviter
1019 1890 1170 1927 sonant
1200 1885 1405 1940 planyore
1437 1883 1642 1927 cachinni.

438 1956 732 2000 Plurimorum
742 1957 936 2000 codicum
945 1958 1164 2013 scriptura
1182 1960 1325 2000 leviter
1341 1950 1491 1999 sonant
1500 1958 1652 1998 contra
1660 1956 1846 1997 metrum

315 2035 500 2088 pugnat,
535 2045 621 2074 non
653 2029 759 2075 item
791 2030 855 2084 id,
896 2030 1011 2087 quod
1043 2030 1088 2073 in
1121 2029 1262 2074 codice
1297 2028 1332 2073 Ο
1365 2033 1409 2073 et
1441 2029 1485 2072 in
1519 2027 1714 2085 margine
1746 2025 1848 2070 libri

316 2102 349 2144 L
392 2105 535 2146 extat:
584 2106 807 2160 leviterque
846 2110 1017 2155 εοηαηίς
1057 2117 1187 2158 quam
1228 2103 1489 2158 scripturam
1529 2096 1728 2143 nonnulli
1767 2096 1850 2141 viri

316 2175 432 2219 docti
472 2179 521 2218 ut
559 2176 794 2233 genuinam
834 2176 1151 2221 commendant.
1225 2174 1387 2219 Tamen
1427 2173 1597 2216 videtur
1637 2171 1851 2213 reicienda

316 2262 419 2291 esse.
493 2247 576 2291 Illo
629 2248 743 2291 enim
798 2249 890 2292 loco
943 2262 1071 2305 quem
1124 2246 1304 2290 Ellisius
1356 2245 1509 2290 laudat
1560 2257 1613 2286 ex
1664 2241 1851 2286 Senecae

317 2321 474 2378 Agam.
509 2322 618 2366 681:

536 2397 649 2439 Licet
683 2398 876 2453 alcyones
910 2397 1044 2454 Ceyca
1075 2410 1195 2439 suum

543 2472 686 2513 Fluclu
720 2472 864 2513 leviter
892 2473 1116 2526 plangente
1146 2475 1291 2512 sonent

322 2543 436 2588 nihil
482 2543 672 2588 efficitur
715 2543 799 2587 nisi
846 2543 977 2597 illud,
1026 2543 1070 2587 in
1119 2540 1322 2586 adverbio
1370 2542 1512 2586 leviter
1558 2537 1695 2582 inesse
1732 2551 1854 2593 posse

322 2617 541 2659 notionem
588 2617 682 2659 soni
729 2617 960 2660 summissi.
1039 2615 1134 2658 Hoc
1187 2616 1334 2656 autem
1378 2612 1470 2655 loco
1512 2625 1609 2654 cum
1653 2609 1852 2654 Catullus

321 2689 645 2735 substantivum
682 2693 885 2746 planyore
913 2688 1121 2747 posuerit,
1161 2702 1244 2730 non
1273 2687 1552 2742 expectamus
1588 2682 1852 2733 adverbium,

325 2765 438 2819 quod
462 2763 592 2806 verbo
614 2763 797 2807 sonandi
820 2763 1047 2815 adiciatur,
1078 2761 1151 2805 sed
1175 2758 1432 2804 adiectivum
1456 2757 1616 2814 potius,
1646 2768 1732 2811 quo
1754 2753 1856 2797 sub-

323 2835 565 2879 stantivum
606 2838 810 2892 planqore
854 2836 1102 2881 definiatur.
1167 2832 1309 2883 Quare
1347 2845 1444 2874 cum
1480 2829 1588 2872 illud
1635 2830 1857 2882 leviterque

325 2923 411 2953 non
434 2908 642 2961 sufficiat,
676 2912 758 2956 viri
789 2911 905 2956 docti
927 2909 1013 2954 iam
1036 2906 1203 2966 pridem
1227 2905 1369 2950 varias
1391 2902 1462 2947 sed
1487 2902 1603 2948 inter
1624 2909 1668 2944 se·
1690 2898 1851 2954 similes
