2087 3321
953 245 1008 297 51

346 374 440 420 Iam
477 373 642 424 restat,
682 373 733 415 ut
769 370 882 436 quid
906 370 959 415 de
989 368 1074 414 fide
1104 371 1148 412 et
1179 350 1443 413 auctoritate
1476 367 1604 411 huius
1635 368 1739 412 libri

227 445 502 494 iudicandum
531 445 590 490 sit
620 444 811 489 breviter
840 426 1089 489 indiccxnus.
1152 429 1342 487 Librum
1351 438 1404 485 O
1418 443 1600 501 propter
1632 441 1739 486 satis

230 526 437 580 magnum
492 526 717 563 numerum
770 517 982 562 bonarum
1033 513 1345 572 scripturarum
1391 512 1510 581 inter
1554 515 1742 574 optimos

230 591 404 637 Catulli
425 591 588 636 codices
619 591 867 636 habendum
897 595 988 634 esse
1019 591 1065 633 et
1095 597 1355 646 quamquam
1386 572 1615 647 perpaucis
1635 588 1742 633 Iocis

230 665 321 708 eius
368 679 497 708 causa
544 679 570 708 a
606 650 875 707 Lachmanni
920 660 1165 708 recensione
1210 660 1490 706 recedendum
1535 660 1608 714 sit,
1656 662 1742 704 non

232 737 545 796 neglegendum
585 751 675 781 esse
714 740 847 792 supra
884 734 1080 778 vidimus.
1150 733 1234 777 Sed
1271 733 1570 792 deprcndimus
1608 734 1654 776 in
1691 735 1751 793 eo'

232 809 365 855 etiam
395 807 681 855 correctiones
712 807 847 853 falsas
877 807 1051 865 quidem
1071 806 1144 851 sed
1166 820 1250 850 non
1272 805 1555 865 ineleganteS‚
1586 791 1743 865 quibus

231 869 520 928 Baehrensius
557 896 602 926 se
631 880 771 939 decipi
805 894 957 938 passus
988 883 1068 926 est.
1131 878 1445 937 Deprendimus
1475 876 1743 936 corruptelas

232 957 398 1001 scribae
443 952 722 1013 neglegentia
758 956 899 1008 ortas,
947 969 970 997 e
1008 953 1163 1011 quibus
1204 951 1491 997 Baebrensius
1527 949 1744 997 immerito

233 1028 474 1085 profectus,
514 1027 603 1071 sive
641 1040 713 1072 eas
751 1025 974 1071 defendere
1006 1026 1094 1070 sive
1124 1024 1349 1082 emendare
1380 1024 1545 1079 studet,
1584 1042 1611 1070 a
1642 1034 1744 1070 v'ero

233 1100 467 1148 aberravit.
545 1099 720 1146 Summa
765 1099 904 1158 igitur
948 1101 1147 1145 cautione
1192 1113 1299 1156 opus
1346 1100 1433 1152 est,
1472 1113 1526 1143 ne
1564 1100 1742 1147 nimiam

233 1174 368 1219 codici
389 1173 427 1217 Ο
453 1173 582 1218 fidem
602 1173 811 1217 habentes
832 1173 1095 1231 auctoritate
1117 1170 1206 1225 eius
1227 1172 1277 1229 iu
1293 1186 1456 1215 errores
1476 1170 1748 1232 inducamur..

234 1239 385 1305 Neque
416 1247 633 1291 inutiliter
669 1246 716 1291 in
748 1244 1016 1290 aestimanda
1053 1245 1182 1289 huius
1211 1245 1315 1289 libri
1346 1239 1607 1289 auctoritate
1637 1246 1748 1292 illud

234 1320 388 1378 respici
432 1318 625 1373 videtur,
673 1317 788 1376 quod
830 1331 928 1362 cum
974 1332 1046 1363 ex,
1073 1312 1481 1374 interpolationibus
1528 1317 1747 1373 hominem

234 1394 382 1450 paullo
413 1392 576 1437 acriore
614 1391 788 1450 ingenio
826 1387 1076 1447 praeditum
1109 1391 1154 1433 iu
1193 1405 1243 1434 eo
1282 1390 1535 1446 corrigendo
1555 1397 1745 1447 voperam

235 1477 414 1511 navasse
445 1455 741 1523 cognoscatur,
773 1478 870 1508 cum
896 1462 1211 1520 probabilitate
1231 1461 1431 1519 ponimus
1451 1461 1579 1518 illum
1612 1464 1751 1526 inter-

236 1539 336 1583 dum
352 1539 485 1582 etiam
500 1551 647 1581 veram
662 1536 922 1594 scripturam
936 1534 1189 1588 restituisse,
1207 1533 1282 1577 ubi
1298 1537 1539 1595 ceterorum
1560 1536 1751 1590 codicum

235 1612 405 1671 librarii
434 1608 589 1655 falsam
621 1610 848 1667 archetypi
878 1609 1065 1653 fideliter
1095 1608 1363 1652 redderent.·
1398 1605 1458 1650 Et
1489 1622 1751 1667 quamquam

236 1684 345 1729 certi
374 1682 422 1728 in
452 1698 503 1727 ea
535 1697 581 1726 re
611 1681 719 1726 fines
747 1681 932 1728 vdescribi
963 1696 1048 1726 non
1068 1682 1262 1739 possunt,
1296 1681 1441 1723 tamen
1464 1680 1544 1725 hoc
1568 1686 1752 1740 apparet

237 1758 354 1802 haud
384 1768 544 1813 paucas
576 1755 813 1810 scripturas
845 1769 899 1798 ex
930 1768 1078 1798 earum
1110 1767 1304 1805 numero,
1336 1749 1443 1808 quas
1475 1769 1597 1799 veras
1629 1772 1682 1800 ex
1714 1757 1752 1801 Ο

239 1829 520 1880 contulimus,
562 1842 653 1871 esse
689 1827 754 1872 ita
784 1829 1078 1884 comparatas,
1117 1827 1168 1869 ut
1200 1825 1327 1870 facile
1356 1827 1412 1869 ab
1443 1826 1522 1870 illo
1553 1823 1754 1896 indagari

239 1901 475 1959 potuerint.

364 2192 599 2249 Postquam
627 2191 810 2250 singulis
831 2190 1047 2248 capitibus
1079 2190 1130 2234 de
1151 2185 1367 2235 codicibus
1389 2190 1428 2235 G
1449 2194 1495 2249 et
1518 2191 1569 2247 O,
1600 2194 1755 2252 quibus

245 2267 546 2311 Lachmannus
585 2280 685 2308 usus
716 2280 804 2308 non
836 2267 916 2317 est,
949 2262 1128 2322 egimus,
1169 2264 1256 2308 iam
1287 2265 1419 2308 tertio
1450 2268 1592 2324 capite
1616 2258 1757 2312 ‘disse-²

245 2354 386 2384 remus
416 2338 468 2382 de
498 2337 620 2381 libris
642 2334 1037 2396 Lachmannianis.j
1075 2335 1176 2388 Qua
1206 2337 1254 2380 in
1285 2339 1412 2395 parte
1442 2335 1639 2382 nostrum
1672 2340 1757 2383 erit

245 2410 481 2470 disquirere
532 2411 583 2455 de
634 2410 790 2454 horum
810 2410 815 2415 ’
835 2410 1026 2454 codicum
1055 2411 1125 2466 „et
1168 2410 1336 2468 origine
1382 2406 1432 2463 ,et‘
1483 2414 1756 2458 auctoritate.

246 2485 391 2543 Atque
412 2483 699 2529 Baehrensius
726 2498 828 2546 ⁴cum
858 2476 1001 2527 omnes
1022 2481 1155 2527 libros
1187 2485 1361 2541 praeter
1383 2482 1420 2527 Ο
1441 2498 1494 2528 ex
1516 2480 1554 2526 Gr
1571 2480 1758 2529 >fluxisse

246 2555 489 2610 contendit,
508 2578 511 2580 >
528 2561 625 2601 tum
664 2572 717 2601 ne
747 2556 1016 2609 Lachmanni
1053 2551 1226 2612 quidem
1266 2557 1399 2600 libros
1431 2550 1612 2612 excepit.
1674 2556 1758 2601 Sed

246 2645 323 2675 nos
353 2630 439 2675 iam
470 2630 515 2673 in
546 2630 689 2686 prima
718 2632 845 2687 parte
875 2632 919 2674 et
947 2628 1258 2673 Bononiensem
1289 2621 1388 2672 non*
1406 2644 1459 2673 ex
1480 2624 1540 2682 G,
1553 2629 1626 2683 sed
1658 2624 1760 2686 pro-'²

247 2704 343 2762 pria
388 2699 558 2762 ratione
604 2717 657 2746 ex
696 2701 737 2745 V
783 2700 1030 2747 derivatum
1070 2715 1159 2745 esse
1205 2700 1594 2746 demonstravimus
1631 2704 1678 2746 e't
1699 2703 1759 2746 -in

248 2777 495 2821 universum
526 2789 654 2832 quam
686 2775 868 2819 infirmis
900 2775 1166 2835 argumentis
1196 2774 1313 2817 illius
1345 2775 1564 2833 sententia
1592 2773 1763 2820 nitatur

248 2847 534 2912 exposuimus
596 2847 751 2906 Itaque
791 2848 843 2893 de
875 2848 1024 2894 ‘codice
1056 2847 1091 2893 L
1128 2847 1199 2893 hic
1231 2844 1421 2891 sufficiat
1453 2851 1589 2893 unum
1620 2849 1760 2894 locum

248 2924 449 2966 attulisse
480 2922 694 2975 idoneum,
727 2937 813 2979 quo
835 2923 974 2967 omnis
995 2922 1210 2967 dubitatio
1231 2920 1283 2964 de
1304 2921 1395 2963 eius
1417 2918 1573 2997 codicis
1594 2921 1760 2977 origine

1504 2981 1528 3017 4
