2087 3321
1003 258 1061 313 44

265 375 433 418 fautrix
481 376 568 419 fuit
621 380 666 420 et
716 378 839 421 valde
885 377 1038 420 dubito
1074 392 1142 420 ‘an
1188 378 1475 433 probabiliter
1513 378 1615 435 poni
1654 377 1793 433 possit

265 446 491 491 Catullum
530 463 583 492 ex
621 464 698 493 suo
731 447 908 506 ingenio
940 448 1242 505 Amphitriten
1277 443 1789 495 adiutricom'addidisse.

264 518 402 565 Poeta
419 521 549 564 -enim
578 522 670 578 ipse
690 519 899 564 Nereides
921 535 1075 565 navem
1098 520 1457 579 Argonautarum
1478 525 1529 567 ut
1549 523 1790 567 monstrum

265 592 512 638 inauditum
551 594 817 638 admirantes
855 593 972 638 infra
1020 594 1065 637 in
1114 609 1153 639 v.
1198 593 1254 638 15
1302 594 1487 647 inducit;
1524 594 1792 652 Amphitrite

266 668 413 708 autem
453 666 547 721 ipsa
586 667 653 708 est
695 679 781 709 una
813 664 1062 709 Nereidum.
1128 665 1273 723 Atque
1303 667 1341 709 si
1372 666 1454 710 hoc
1485 667 1633 724 aliquo
1664 666 1790 711 modo

264 737 364 780 inde
396 738 590 781 excusari
622 737 773 793 possit,
808 739 923 795 quod
955 737 1254 794 Amphitriten
1290 753 1470 782 uxorem
1503 739 1651 795 magni
1673 737 1791 795 Nep-

266 808 361 852 tuni
391 810 522 865 poeta
554 825 580 852 a
612 810 768 854 ceteris
791 809 1048 855 Nereidibus
1071 810 1319 855 'seiunctam
1353 825 1443 855 esse
1475 811 1619 869 fingit,
1654 803 1792 855 restat

265 881 396 925 aliud.
459 881 609 931 Qualis
643 883 818 926 tandem
855 899 905 926 ea
937 897 1069 939 opera
1101 885 1190 935 est,
1231 898 1317 939 qua
1351 883 1619 940 Amphitrite
1650 882 1791 941 Argo-

263 957 420 998 nautas
457 954 671 999 adiuvat?
733 954 901 999 Navem
932 970 1081 1000 eorum
1112 970 1285 1000 currere
1320 955 1457 1000 docet.
1519 956 1614 1008 Qua
1644 958 1790 1000 autem

263 1042 309 1070 re
346 1026 526 1071 Ellisius
574 1031 621 1071 et
659 1027 950 1072 Baehrensius
998 1031 1172 1085 poetam
1213 1027 1447 1073 adductum
1485 1044 1576 1073 esse
1616 1030 1788 1086 putant,

265 1102 314 1143 ut
347 1100 534 1159 fingeret
566 1117 720 1145 navem
755 1116 894 1158 nuper
926 1100 1200 1145 aedificatam
1221 1115 1346 1144 cursu
1371 1101 1645 1147 imbuendam
1668 1103 1791 1145 esse?

263 1173 502 1231 Propterea
515 1207 525 1226 ,
567 1177 617 1218 ut
657 1164 848 1229 videtur,
897 1174 1012 1232 quod
1043 1173 1402 1232 Argonautarum
1442 1174 1565 1219 navis
1597 1174 1790 1219 omnium

262 1247 405 1302 prima
444 1246 575 1290 fuisse
617 1248 770 1291 fertur.
835 1247 920 1291 Sed
956 1247 1000 1291 id
1038 1262 1116 1291 nos
1153 1260 1207 1290 ex
1239 1245 1402 1290 Catulli
1440 1246 1633 1290 versibus
1664 1262 1791 1305 prae-

262 1319 516 1364 cedentibus
556 1320 746 1365 nondum
786 1321 1014 1365 didicimus
1053 1335 1192 1377 neque
1234 1320 1408 1364 omnino
1438 1320 1581 1377 prima
1612 1319 1733 1364 navis
1765 1337 1790 1364 a

173 1427 177 1431 .
262 1391 461 1437 Minerva
493 1395 744 1438 constructa
776 1393 916 1452 magis
947 1393 1029 1438 tali
1060 1393 1287 1450 disciplina
1319 1393 1475 1451 egebat
1497 1407 1627 1450 quam
1658 1406 1791 1449 quae-

260 1466 371 1509 libet
418 1468 571 1523 postea
624 1466 849 1510 hominum
902 1466 1101 1510 manibus
1153 1466 1283 1511 facta.
1367 1466 1472 1519 Quis
1523 1465 1660 1522 igitur
1711 1464 1790 1508 has

263 1553 435 1583 currere
457 1539 612 1584 docet?
658 1538 871 1597 Apparet,
894 1554 1034 1596 spero,
1066 1538 1342 1592 sententiam,
1374 1553 1487 1595 quae
1506 1538 1554 1583 in
1574 1536 1791 1595 scriptura

262 1612 318 1656 ab
349 1611 504 1655 Ellisio
543 1616 588 1656 et
619 1611 884 1656 Baehrensio
923 1612 1109 1669 probata
1144 1611 1282 1663 inest,
1321 1611 1427 1654 satis
1459 1610 1614 1655 miram
1646 1612 1691 1653 et
1721 1610 1789 1652 in-

261 1686 517 1730 concinnam
558 1700 662 1729 esse.
735 1684 830 1729 Iam
878 1684 1192 1729 consideremus
1238 1684 1500 1741 scripturam
1544 1683 1789 1728 Lachman-

262 1758 463 1802 nianam:

480 1834 562 1875 lua
594 1834 740 1875 rudem
772 1846 898 1876 cursu
927 1833 1069 1888 prima
1100 1832 1244 1874 imbuit
1277 1832 1565 1887 Amphitriten.

246 1906 511 1961 Amphitrite
558 1904 710 1963 regina
755 1904 889 1948 maris
928 1904 1072 1962 figura
1110 1902 1188 1948 illa
1227 1917 1357 1961 quam
1395 1902 1592 1947 rhetores
1632 1903 1790 1946 vocant

261 1978 572 2034 metonymiam
604 1979 747 2034 posita
780 1980 847 2020 est
878 1992 957 2034 pro
989 1977 1084 2033 ipso
1113 1977 1237 2029 mari,
1270 1978 1320 2018 ut
1341 1976 1448 2019 haec
1468 1975 1528 2019 sit
1550 1974 1787 2019 sententia:

260 2051 339 2094 illa
370 2050 514 2107 prima
546 2066 666 2095 mare
698 2050 804 2094 rude
826 2064 954 2095 cursu
976 2049 1148 2103 imbuit,
1182 2049 1263 2093 hoc
1283 2052 1369 2093 est:
1401 2048 1481 2093 illa
1501 2047 1643 2106 prima
1664 2049 1789 2092 vecta

260 2128 327 2168 est
365 2139 443 2181 per
475 2124 608 2167 maris
653 2125 812 2177 undas,
855 2138 967 2180 quae
1007 2123 1148 2166 adhuc
1180 2123 1347 2167 nullam
1378 2137 1534 2167 navem
1565 2123 1787 2165 vexerant.

262 2195 478 2242 Similiter
500 2196 705 2241 Valerius
738 2195 917 2241 Flaccus
949 2195 1055 2241 dicit
1085 2197 1269 2241 imbuere
1300 2202 1454 2240 terram
1476 2210 1640 2240 vomere
1665 2193 1686 2238 I
1709 2193 1786 2239 69:

549 2272 729 2326 iqnaras
763 2270 926 2313 Cereris
958 2273 1029 2326 qui
1059 2284 1224 2313 vomere
1255 2276 1393 2312 terras

478 2344 642 2386 Imbm't.

260 2417 357 2461 Iam
403 2416 593 2472 primum
641 2417 826 2472 apparet
866 2415 1166 2472 Amphitriten
1207 2416 1267 2458 sic
1306 2430 1393 2458 non
1432 2427 1522 2457 esse
1560 2413 1788 2456 fautricem

261 2490 620 2548 Argonautarum
659 2503 797 2544 neque
839 2487 1061 2532 Catullum
1104 2506 1129 2532 a
1168 2489 1318 2533 fabula
1357 2487 1521 2532 tradita
1553 2486 1785 2530 deflexisse.

263 2562 374 2606 Tum
409 2562 551 2605 verbis
584 2561 728 2619 planis
766 2560 928 2605 dicitur
964 2562 1022 2615 id,
1060 2561 1175 2618 quod
1208 2562 1253 2605 in
1286 2561 1539 2606 Baehrensii
1572 2559 1788 2616 scriptura

262 2635 625 2687 desiderabamus,
658 2634 780 2692 Argo
814 2649 966 2678 navem
997 2636 1188 2678 omnium
1223 2635 1398 2679 navium
1428 2634 1614 2691 primam
1636 2632 1787 2683 fuisse3

261 2709 305 2752 id
337 2710 485 2752 autem
517 2708 598 2752 hoc
631 2709 724 2753 loco
756 2708 840 2752 dici
872 2723 922 2753 eo
954 2709 1094 2767 magis
1115 2709 1359 2766 oportebat,
1393 2707 1505 2765 quod
1527 2707 1573 2751 in
1595 2706 1788 2750 versibus

263 2783 542 2838 sequentibus
590 2782 808 2838 nymphae
855 2783 1048 2827 marinae
1089 2785 1329 2825 monstrum
1367 2781 1610 2825 inauditum
1649 2778 1788 2823 admi-

263 2859 410 2900 rantes
463 2856 741 2900 inducuntur.
826 2855 1023 2912 Denique
1074 2855 1187 2912 quod
1241 2870 1326 2899 non
1374 2854 1660 2912 spernendum
1708 2853 1787 2903 est,

261 2929 439 2987 planam
480 2932 524 2972 et
564 2929 818 2973 concinnam
858 2929 1121 2973 sententiam
1161 2929 1221 2973 sic
1253 2928 1539 2972 nanciscimur
1573 2941 1659 2970 non
1689 2940 1784 2970 mu-
