2087 3321
1025 206 1086 251 24

296 326 522 371 Catullum
556 328 703 380 fuisse,
743 331 793 371 ut
824 328 1002 371 crimen.
1019 326 1219 371 fallaciae
1249 329 1296 369 et
1326 327 1532 383 perfidiae
1562 325 1693 369 etiam
1723 325 1816 369 ioco

293 400 516 458 prolatum
548 399 839 444 rusticitatem
874 400 1101 453 redoleret,
1134 413 1188 443 ex
1209 398 1303 456 ipso
1324 398 1405 444 hoc
1426 399 1614 444 carmine
1635 413 1816 457 cognos-

293 473 421 517 citur.
474 472 627 530 Neque
659 471 817 517 Calvus
849 474 1075 530 poetarum
1107 471 1388 529 pessimorum
1416 472 1610 517 carmina
1642 474 1734 516 tam
1765 487 1815 515 eo

293 544 472 589 consilio
510 543 684 588 Catullo
722 544 862 598 misit,
901 548 953 588 ut
991 559 1090 590 eum
1129 544 1318 598 luderet,
1358 559 1488 601 quam
1528 547 1579 590 ut
1610 545 1745 589 risum
1776 545 1816 589 ei

300 619 491 660 moveret
522 619 700 673 accepto
732 617 883 661 libello
913 632 1021 675 opus
1053 617 1197 662 nescio
1227 616 1343 674 quod
1363 631 1571 675 maguum
1592 620 1639 662 et
1659 632 1816 662 novum

293 690 563 746 expectanti,
616 692 770 747 aperto
824 691 976 735 deinde
1031 690 1272 735 invenienti
1322 691 1572 748 contempta
1623 690 1816 735 carmina

292 764 520 820 poetarum
565 763 762 816 illorum,
810 778 992 820 quorum
1033 763 1379 808 imbecillitatem
1425 764 1513 808 iam
1553 777 1681 820 saepe
1718 778 1816 807 cum

295 834 428 879 Calvo
460 834 629 879 riserat.
694 834 791 879 Nou
831 837 923 893 ipse
955 836 1094 894 igitur
1125 835 1346 889 Catullus,
1387 837 1460 880 sed
1489 836 1634 893 potius
1662 838 1817 893 poetae
1841 886 1844 888 ,

293 908 397 953 mali
429 908 522 951 ioco
545 906 667 952 Calvi
701 910 959 966 tanguntur,
1010 908 1174 954 Contra
1201 912 1356 954 salsum
1378 909 1575 970 Catullus
1596 908 1818 967 aptissime

295 981 475 1026 Calvum
508 981 734 1038 appellare
765 984 964 1039 poterat;
996 983 1134 1026 salsus
1166 983 1280 1026 enim
1312 986 1380 1026 est
1410 982 1461 1034 is,
1493 983 1568 1040 qui
1599 981 1742 1040 lepide
1774 984 1819 1026 et

292 1054 431 1099 facete
473 1054 606 1098 iocari
646 1053 749 1106 scit;
792 1069 931 1110 neque
971 1056 1110 1099 solum
1141 1056 1194 1100 de
1225 1056 1364 1100 facete
1395 1057 1522 1100 dictis
1552 1056 1595 1099 id
1627 1055 1817 1113 ponitur,

293 1127 368 1171 sed
401 1127 534 1171 etiam
566 1127 620 1170 de
649 1127 778 1171 rebus
798 1127 941 1184 lepido
964 1128 1055 1172 ioco
1077 1127 1218 1180 factis,
1251 1128 1305 1173 cf.
1328 1128 1499 1173 initium
1521 1127 1723 1173 carminis
1747 1129 1817 1174 12.

414 1200 612 1255 Denique
650 1200 697 1242 in
737 1199 824 1241 fine
866 1199 993 1243 huius
1026 1200 1166 1257 partis
1198 1214 1411 1243 summam
1442 1199 1591 1257 paucis
1623 1214 1817 1259 compre-

292 1260 542 1317 hendamus.
608 1271 803 1316 Primum
845 1273 961 1317 locos
1001 1274 1159 1332 viginti
1200 1276 1289 1316 tres
1330 1273 1607 1326 contulimus,
1639 1273 1817 1329 quibus,

290 1360 389 1389 cum
411 1345 452 1389 D
485 1346 530 1388 et
552 1343 587 1387 L
614 1344 731 1389 vitiis
762 1345 915 1389 infecti
948 1345 1050 1400 sint,
1083 1345 1120 1389 G
1153 1348 1232 1391 aut
1264 1359 1413 1389 verum
1445 1345 1586 1405 ipsum
1616 1345 1821 1391 exhibeat

291 1423 370 1465 aut
407 1421 513 1463 satis
555 1435 690 1476 prope
729 1436 756 1463 a
796 1435 899 1462 vero
939 1420 1068 1463 absit.
1139 1420 1208 1463 Ad
1248 1420 1325 1463 hos
1355 1422 1582 1476 praeterea
1612 1420 1821 1463 accedunt

291 1493 535 1537 duodecim:
568 1494 679 1547 octo,
712 1506 819 1549 quos
851 1508 894 1550 p.
930 1492 1108 1537 17—19
1141 1494 1185 1537 et
1218 1494 1442 1549 quattuor,
1472 1507 1580 1549 quos
1610 1508 1652 1550 p.
1676 1492 1735 1537 23
1757 1509 1819 1551 sq.

293 1567 376 1611 huc
407 1567 630 1624 pertinere
652 1565 964 1622 perspeximus.
1011 1556 1189 1618 Quibus'
1207 1565 1310 1610 locis
1337 1580 1601 1623 quamquam
1623 1567 1821 1611 omnibus

294 1655 444 1684 verum
467 1640 553 1684 iam
579 1643 816 1694 antequam
845 1638 979 1682 codex
1000 1637 1037 1682 G
1070 1639 1116 1682 in
1138 1639 1278 1683 lucem
1299 1638 1494 1696 prodiret
1515 1655 1541 1683 a
1563 1638 1668 1684 viris
1687 1639 1823 1684 doctis

293 1713 518 1756 inventum
555 1713 651 1755 erat
672 1713 718 1754 et
741 1710 869 1768 longe
890 1710 1091 1768 plurimis
1113 1711 1159 1756 in
1180 1711 1450 1756 Lachmanni
1472 1713 1597 1755 textu
1620 1711 1821 1766 habetur,

290 1788 440 1830 tamen
487 1784 644 1829 codicis
683 1783 721 1828 G
765 1784 978 1829 auxilium
1026 1785 1314 1843 spernendum
1353 1800 1440 1829 non
1478 1788 1565 1839 est,
1605 1801 1702 1831 cum
1739 1786 1821 1831 ali-

290 1859 460 1916 quoties
491 1858 785 1911 coniecturae,
826 1872 937 1915 quae
976 1857 1169 1915 alioquin
1202 1857 1308 1901 satis
1340 1857 1497 1902 dubiae
1530 1857 1665 1903 videri
1697 1860 1822 1915 pote-

291 1933 414 1984 rant,
454 1945 569 1975 nuuc
600 1930 704 1975 libri
733 1931 886 1989 scripti
925 1930 1189 1976 auctoritate
1220 1931 1435 1976 nitantur.
1497 1930 1565 1975 Ex
1595 1931 1822 1988 scripturis

290 2004 535 2062 duplicibus
575 2004 619 2047 id
656 2004 869 2048 commodi
900 2002 1201 2058 nanciscimur,
1242 2005 1292 2047 ut
1324 2003 1559 2061 imaginem
1591 2004 1747 2048 codicis
1780 2003 1818 2047 V

295 2077 440 2121 animo
472 2077 709 2122 informare
740 2077 975 2134 possimus;
1014 2075 1070 2120 ad
1101 2075 1416 2138 emendandum
1450 2079 1619 2121 textum
1651 2077 1823 2134 paucis-

291 2150 411 2194 simis
452 2150 558 2194 locis
596 2149 762 2207 aliquid
794 2149 855 2194 eis
884 2148 1148 2207 proficimus,
1181 2151 1403 2206 quattuor,
1436 2150 1593 2207 quibus
1623 2150 1823 2194 omnibus

290 2225 379 2269 iam
431 2227 563 2269 antea
618 2237 766 2267 verum
819 2226 1042 2280 repertum
1095 2225 1203 2267 erat.
1281 2222 1377 2268 Iam
1424 2237 1688 2281 quamquam
1734 2238 1821 2267 non

290 2298 451 2342 iniuria
483 2312 561 2341 nec
593 2297 686 2342 sine
718 2296 866 2341 fructu
899 2295 1086 2340 codicem
1111 2294 1149 2339 G
1181 2295 1227 2340 in
1259 2296 1447 2340 medium
1479 2297 1701 2354 prolatum
1734 2312 1823 2343 esse

292 2373 501 2429 apparet,
551 2374 700 2415 tamen
740 2369 979 2414 cavendum
1020 2371 1106 2422 est,
1153 2384 1209 2413 ne
1248 2368 1430 2412 nimium
1468 2370 1745 2414 auctoritatis
1783 2371 1823 2414 ei

290 2444 539 2497 tribuatur;
582 2443 768 2488 vidimus
815 2441 931 2487 enim
978 2457 1031 2486 ex
1078 2441 1415 2487 correctionibus
1467 2442 1559 2486 eius
1609 2441 1722 2487 nihil
1768 2443 1824 2488 ad

293 2517 609 2562 restituendam
640 2520 796 2574 poetae
828 2531 1006 2560 manum
1037 2515 1292 2569 redundare,
1325 2515 1457 2560 immo
1478 2516 1636 2560 bonam
1656 2516 1824 2572 primae

290 2605 443 2636 manus
476 2591 738 2648 scripturam
769 2588 989 2634 interdum
1021 2588 1325 2635 oblitteratam
1357 2603 1471 2642 esse3
1506 2588 1691 2633 vidimus
1722 2603 1820 2633 eum

289 2664 504 2709 scribendi
541 2664 761 2708 erroribus
799 2663 1009 2708 infectum
1058 2677 1168 2716 esse,
1217 2662 1374 2719 quibus
1414 2660 1682 2707 Lachmauni
1721 2661 1823 2705 libri

291 2740 467 2791 carent;
510 2735 695 2782 vidimus
726 2736 931 2794 denique,
970 2736 1014 2781 id
1045 2737 1160 2795 quod
1192 2736 1491 2795 gravissimum
1539 2737 1625 2788 est,
1678 2749 1824 2779 errare

290 2826 361 2855 eos
378 2844 389 2864 ,
437 2811 513 2869 qui
560 2812 725 2855 ceteros
775 2809 909 2854 libros
956 2826 1103 2855 omnes
1151 2825 1204 2854 ex
1242 2824 1293 2853 eo
1339 2809 1513 2854 fluxisse
1551 2823 1707 2864 eosque
1738 2808 1823 2851 iam

289 2884 418 2929 nobis
452 2883 698 2930 abiciendos
730 2897 821 2928 esse
852 2886 1043 2929 censent.
