2087 3321
1021 210 1072 255 11

290 332 395 377 libri
430 329 468 375 G
506 330 639 375 falsas
676 322 942 377 coniecturas
981 346 1071 376 esse
1116 333 1207 377 eius
1250 333 1328 392 qui
1370 332 1557 377 codicem
1594 332 1803 385 exaravit,

292 403 387 448 ficri
419 418 515 448 non*
535 406 693 461 potest,
724 405 828 461 quin
860 395 1006 459 ceteri,
1040 419 1138 449 cum
1159 405 1248 450 fere
1268 405 1428 462 ubique
1447 420 1545 449 oum
1566 407 1805 449 correctore

292 476 398 521 libri
425 474 466 520 G
496 476 780 531 consentiant,
812 492 866 522 ex
898 477 979 522 hoc
1009 475 1135 522 libro
1152 476 1369 524 fluxerint.
1418 476 1503 522 Sed
1532 478 1613 535 qui·
1641 491 1806 521 correc-

293 550 432 594 tiones
477 550 579 594 libri
617 549 655 594 G
691 553 889 605 accurate
935 550 1238 607 perlustrabit,
1285 552 1325 595 ei
1371 551 1530 595 mirum
1577 549 1805 600 videbitur,

292 622 407 681 quod
438 618 726 668 Baehrensius
756 624 808 667 de
839 638 1039 681 perverso
1069 625 1320 683 correctoris
1351 624 1509 669 iudicio
1539 623 1665 675 dicit;
1702 636 1805 667 nam

293 696 331 741 si
362 710 446 749 eas,
478 710 589 754 quae
621 696 675 740 ad
696 695 1055 754 orthographiam
1076 696 1312 753 pertinent,
1334 711 1515 742 numero
1536 696 1686 754 paullo
1707 695 1806 752 plus

295 770 521 826 sexaginta
551 770 808 820 omittimus,
840 771 1008 812 restant
1038 769 1127 813 fere
1154 772 1327 814 centum
1348 771 1589 826 sexaginta,
1620 783 1807 825 quarum

293 840 420 900 longe
450 840 664 899 plurimae
702 832 883 885 centum
910 843 955 885 et
984 841 1173 900 quinque
1203 843 1351 900 procul
1383 842 1513 886 dubio
1544 854 1672 885 verae
1704 843 1807 883 sunt

293 918 338 959 et
369 929 476 972 quas
515 929 568 956 ne
605 914 695 970 ipse
733 914 904 970 quidem
937 915 1222 959 Baehrensius
1261 916 1453 972 potuerit
1482 931 1571 960 non
1603 915 1647 958 in
1681 917 1807 959 textu

293 1002 466 1045 ponere.
512 986 702 1039 Quarum
734 1002 756 1030 e
788 998 964 1032 numero
994 988 1222 1046 sexaginta
1253 989 1356 1033 locis
1384 988 1492 1033 vitia
1512 988 1806 1046 corriguntur,

294 1075 405 1117 quae
436 1060 577 1104 scriba
599 1060 753 1104 codicis
773 1059 811 1103 G
833 1061 878 1104 in
899 1061 1175 1105 describendo
1192 1065 1320 1105 vtextu
1341 1061 1602 1105 commisisse
1621 1060 1805 1112 videtur,

296 1149 392 1178 cum
425 1133 462 1184 O
494 1148 641 1177 veram
673 1133 930 1191 scripturam
961 1134 1184 1190 praebeat.
1231 1133 1336 1179 Inde
1356 1133 1508 1192 igitur,
1540 1133 1656 1190 quod
1673 1132 1808 1177 ceteri

295 1206 397 1250 libri
428 1221 525 1249 cum
556 1204 618 1249 G*
646 1208 690 1248 et
722 1205 759 1249 O
790 1206 1080 1258 consentiunt,
1111 1206 1425 1262 non‘sequitur
1457 1220 1528 1249 eos
1558 1220 1612 1248 ex
1637 1204 1691 1258 G,
1723 1219 1808 1248 non
1868 1254 1872 1257 ⁴

296 1277 338 1323 V
370 1278 553 1324 fluxisse.
618 1276 781 1322 Ceteris
818 1276 923 1322 locis
959 1278 1252 1336 quadraginta
1287 1278 1476 1336 quinque
1520 1277 1614 1321 fieri
1652 1280 1810 1335 potest,

295 1356 344 1395 ut
383 1352 509 1404 vitia,
557 1365 669 1407 quae
714 1351 759 1392 in
799 1349 837 1391 G
876 1366 903 1393 a
941 1355 1181 1394 correctore
1216 1350 1519 1409 emenda-ntur,
1565 1350 1652 1394 iam
1692 1350 1736 1393 in
1769 1349 1810 1392 V

295 1425 475 1478 fuerint,
517 1439 614 1468 cum
651 1423 698 1467 in
731 1421 768 1467 Ο
807 1422 955 1468 eadem
993 1422 1241 1479 corruptela
1279 1426 1411 1480 atque
1450 1438 1476 1467 a
1507 1422 1649 1481 prima
1679 1438 1811 1469 mann

294 1498 338 1540 in
360 1496 410 1548 ,Gr
440 1498 573 1539 extet.
637 1495 696 1537 Et
734 1496 802 1538 his
841 1495 1014 1550 quidem
1052 1509 1106 1538 ex
1145 1495 1249 1540 locis
1287 1496 1435 1552 colligi
1472 1498 1617 1552 potest
1648 1500 1812 1540 ceteros

294 1570 428 1614 libros
467 1583 520 1612 ex
551 1566 588 1611 G
626 1567 862 1625 descriptos
900 1574 1008 1620 esse,
1058 1566 1265 1624 siquidem
1311 1570 1484 1613 constat
1525 1571 1811 1613 correctorem

295 1642 397 1708 libri
435 1641 472 1684 G
511 1656 564 1684 ex
601 1655 678 1683 sno
717 1640 892 1698 ingenio
929 1641 1177 1685 correxisse.
1240 1639 1428 1684 Restant
1464 1642 1552 1684 iam
1599 1642 1813 1698 quinqua-

295 1715 421 1772 ginta
459 1714 648 1771 quinque
687 1713 788 1765 loci,
827 1714 982 1770 quibus
1020 1712 1063 1757 id
1095 1713 1208 1771 quod
1240 1717 1455 1758 corrector
1488 1714 1633 1759 effecit
1660 1729 1811 1758 verum

296 1801 382 1831 non
418 1788 497 1831 est.
562 1785 621 1830 Et
667 1788 770 1830 sunt
817 1786 949 1830 etiam
982 1787 1098 1830 inter
1137 1786 1230 1839 hos,
1270 1801 1322 1829 ex
1359 1787 1516 1843 quibus
1554 1787 1666 1830 idem
1704 1786 1814 1830 illud

297 1860 442 1918 colligi
483 1862 647 1915 potest,
700 1859 732 1902 ii
770 1859 953 1911 scilicet,
1008 1860 1165 1916 quibus
1211 1858 1273 1902 G'·
1311 1863 1357 1904 et
1394 1860 1526 1904 ceteri
1569 1863 1744 1917 praeter
1776 1859 1814 1904 Ο

294 1946 518 1990 perversas
564 1930 830 1975 coniecturas
875 1932 1106 1989 praebent,
1154 1931 1214 1974 G¹
1255 1935 1300 1974 et
1338 1932 1376 1976 Ο
1414 1937 1493 1975 aut
1538 1939 1688 1976 verum
1735 1934 1815 1975 aut

295 2005 557 2061 scripturam
596 2006 845 2059 corruptam
885 2004 1057 2059 quidem
1097 2005 1170 2048 sed
1208 2006 1385 2062 propius
1418 2005 1471 2049 ad
1515 2021 1664 2049 verum
1695 2019 1814 2049 accc-

296 2078 482 2124 dentem.
552 2075 634 2122 Sed
674 2078 821 2121 tamen
863 2079 930 2120 est
968 2075 1151 2134 aliquid,
1192 2079 1306 2134 quod
1344 2083 1511 2134 monet,
1561 2093 1613 2123 ne
1652 2079 1815 2122 temere

296 2149 607 2193 Baehrensium
661 2150 724 2192 ita
775 2148 1054 2205 colligentem
1101 2163 1345 2205 sequamur.
1423 2146 1505 2202 Qui
1554 2152 1813 2207 apparatum

296 2223 494 2267 criticum
534 2221 794 2267 Ellisianum
839 2221 1194 2278 perlustraverit,
1242 2224 1348 2267 sciet
1388 2239 1472 2268 non
1514 2238 1614 2267 raro
1652 2221 1814 2267 codices

296 2297 471 2351 praeter
508 2294 545 2337 G
584 2298 629 2337 et
660 2293 697 2337 Ο
734 2294 782 2336 in
820 2294 1010 2336 diversas
1048 2298 1195 2349 partes
1234 2296 1469 2349 discedere,
1508 2295 1678 2352 partem
1718 2308 1814 2337 cum

298 2366 380 2420 (ἴτ’,
428 2369 598 2424 partem
644 2381 741 2410 cum
781 2364 841 2409 G¹
882 2368 927 2408 et
959 2365 996 2410 Ο
1035 2365 1188 2411 facere.
1250 2368 1375 2412 Unde
1422 2369 1596 2413 tandem
1645 2367 1690 2410 in
1736 2366 1815 2409 bos

298 2440 431 2483 libros
463 2439 662 2496 pervenit
692 2439 921 2494 scriptura,
952 2454 1063 2496 quae
1094 2443 1196 2483 ante
1226 2442 1533 2484 correctionem
1565 2441 1610 2482 in
1633 2437 1670 2480 G
1704 2438 1816 2480 fuit?

296 2510 447 2556 Potest
484 2511 656 2570 quidem
695 2513 814 2556 certo
851 2526 1032 2557 numero
1068 2512 1259 2557 locorum
1298 2513 1437 2559 adhuc
1474 2510 1680 2570 dignosci,
1712 2510 1816 2568 quid

298 2583 358 2627 G¹
398 2584 638 2641 scripserit,
679 2584 750 2627 sed
790 2574 918 2641 aegre
952 2587 1146 2637 tantum3
1186 2600 1313 2641 saepe
1344 2589 1489 2629 autem
1521 2584 1608 2641 legi
1641 2584 1816 2627 omnino

297 2670 381 2699 non
413 2658 560 2713 potest
591 2655 739 2711 (39‚1·1
776 2663 962 2706 etruscus
993 2657 1048 2702 cf.
1073 2657 1318 2701 Bonnetum
1349 2654 1379 2699 l.
1412 2655 1441 2698 l.
1467 2656 1571 2708 ‹13‚8
1604 2671 1629 2699 ο
1661 2659 1813 2699 seclum

297 2729 416 2782 51‚3.
438 2728 469 2771 4
499 2727 654 2772 falsam
677 2742 874 2772 versuum
898 2729 1247 2773 distributionem
1271 2728 1456 2781 sanavit,
1488 2728 1542 2771 cf.
1568 2728 1814 2773 Bonnetum

297 2800 401 2855 51,5
433 2799 725 2860 miserossquod
756 2800 921 2855 64,253
953 2808 992 2846 te
1025 2815 1228 2858 quaerens
1261 2800 1363 2854 69,5
1391 2802 1541 2858 fabula
1563 2816 1663 2859 qua,
1695 2801 1814 2860 alia).

298 2875 544 2928 Praeterea,
583 2877 634 2917 ut
674 2889 805 2931 supra
830 2876 923 2917 ‘iam
957 2875 1223 2926 monui-mus,
1255 2875 1389 2918 libros
1421 2875 1518 2918 illos
1551 2890 1604 2917 ex
1633 2873 1672 2918 G
1704 2875 1816 2919 deri-
