2087 3321
1042 233 1101 276 56

309 354 544 406 postquam
586 353 772 396 codicem
815 352 852 395 O
893 352 1190 409 cognovi-mm,
1230 352 1484 407 simpliciter
1520 355 1684 409 proruit
1714 354 1758 395 in
1793 352 1831 395 V

309 426 539 468 exaratum
582 424 713 476 fuisse
751 422 997 481 negandum
1038 424 1116 466 est.
1180 421 1232 466 In
1272 421 1309 466 O
1349 424 1465 468 enim
1503 425 1665 484 legitur
1687 428 1834 482 ‘prurit

309 496 358 553 (i.
412 512 449 540 e.
500 488 755 553 promrit).'
800 493 948 551 Atque
991 494 1281 539 Baehrensius
1333 495 1475 552 ipsum
1522 497 1604 541 hoc
1647 501 1832 555 prorurit

311 609 453 648 ortum
495 620 547 647 ex
584 575 720 659 puscim't
761 603 804 645 in
839 601 878 644 V
921 602 1052 646 fuisse
1084 605 1231 648 censet
1261 605 1307 647 et
1336 594 1522 661 priscam
1554 606 1682 651 huius
1714 606 1834 650 verbi

312 677 493 721 formam
534 676 705 720 videtur
743 674 826 720 sibi
862 675 1091 734 indagasse
1128 678 1284 732 prorit;
1331 689 1441 732 quae
1472 678 1641 733 ttamen,
1681 691 1833 734 quam-

311 764 439 807 quam
473 749 529 793 ab
561 748 639 792 illo
670 748 937 792 confidenter
967 749 1012 792 in
1046 755 1163 792 textu
1193 750 1336 806 posita
1367 738 1446 804 est,
1479 749 1597 793 omni
1626 750 1833 807 probabi·

310 823 437 866 litate
469 825 612 874 caret3
649 836 749 866 nam
782 836 921 878 neque
954 821 1041 866 alio
1073 823 1164 867 ullo
1196 822 1443 867 testimonio
1475 838 1524 866 ea
1557 822 1759 866 firmatur
1790 827 1835 866 et

309 896 433 952 origo
464 895 585 938 illius
613 896 804 950 prorui-it
835 894 901 937 vel
933 898 1098 950 proruit
1129 895 1302 939 videtur
1332 895 1419 939 alia
1450 899 1582 952 atque
1614 893 1834 938 Baehren-

309 968 397 1013 sius
428 968 554 1025 ponit
586 967 738 1019 fuisse3
769 967 1031 1024 permutatis
1069 967 1183 1012 enim
1216 983 1244 1024 p
1277 970 1323 1012 et
1341 984 1379 1025 <p
1414 969 1461 1025 (i.
1493 984 1530 1013 e.
1561 968 1659 1026 pro)
1690 971 1831 1012 ortum

309 1045 375 1084 est
420 1043 610 1096 prorurit
627 1072 638 1093 ,
676 1053 756 1096 pro
795 1053 845 1082 eo
883 1040 1040 1097 aliquis
1079 1042 1130 1082 ut
1169 1040 1347 1083 verbum
1386 1040 1590 1085 Latinum
1631 1040 1833 1093 efficeret,

308 1116 473 1170 proruit
520 1114 706 1170 scripsit.
780 1111 872 1157 Iam
921 1115 1066 1157 autem
1113 1127 1257 1156 veram
1295 1113 1460 1157 Datani
1509 1114 1768 1171 scripturam
1810 1129 1835 1156 a

309 1188 553 1230 correctore
601 1200 654 1229 ex
700 1188 907 1243 corrupta
949 1185 1253 1247 Germanensis
1293 1185 1541 1230 restitutam
1582 1200 1684 1239 esse,
1723 1185 1836 1243 quod

309 1260 401 1304 illis
433 1258 713 1303 statuendum
751 1261 837 1311 est,
879 1257 953 1313 qui
986 1255 1026 1299 D
1066 1273 1119 1301 ex
1150 1258 1188 1302 G
1220 1258 1392 1303 fluxisse
1428 1261 1603 1315 putant,
1636 1258 1837 1302 credibile

311 1348 398 1377 non
441 1334 529 1385 est;
569 1330 750 1375 verbum
793 1329 907 1373 enim
945 1330 1170 1387 pruriendi
1207 1345 1292 1373 non
1331 1329 1395 1374 ita
1433 1331 1642 1375 usitatum
1674 1331 1754 1382 est,
1787 1332 1837 1373 ut

310 1398 407 1462 quis
446 1404 576 1448 facile
615 1404 662 1446 in
702 1403 745 1447 id
783 1403 969 1446 incidere
1006 1402 1222 1460 potuerit;
1270 1402 1458 1445 habetur
1496 1403 1667 1460 quidem
1704 1402 1834 1446 etiam

312 1471 488 1537 praeter
519 1475 634 1522 hunc
664 1477 807 1522 locum
838 1475 970 1521 semel
1003 1474 1147 1535 (16‚9)
1181 1475 1295 1533 apud
1319 1474 1556 1529 Catullum,
1598 1476 1659 1520 ibi
1691 1478 1835 1520 autem

310 1551 399 1595 alia
432 1550 475 1593 vi
516 1565 567 1594 ac
608 1549 785 1593 notione
815 1548 978 1591 dictum
1019 1551 1086 1591 est
1116 1551 1250 1605 atque
1281 1563 1331 1592 eo
1363 1550 1414 1592 de
1446 1563 1532 1605 quo
1562 1562 1639 1592 nos
1670 1549 1838 1607 agimus

316 1625 422 1669 loco.
503 1622 646 1674 Quare
692 1621 944 1680 putabimus
988 1624 1128 1678 prurit
1175 1621 1220 1666 in
1261 1620 1301 1664 D
1348 1636 1401 1666 ex
1432 1620 1472 1665 V
1504 1623 1739 1674 transiisse,
1777 1622 1838 1665 ibi

314 1700 459 1743 autem
494 1695 660 1754 aliquid
692 1695 904 1753 scriptum
932 1695 1077 1749 fuisse,
1110 1695 1223 1752 quod
1255 1697 1302 1739 et
1331 1697 1470 1752 prurit
1500 1697 1546 1739 et
1575 1698 1762 1752 prorurit
1793 1697 1838 1739 et

310 1774 478 1829 proruit
508 1770 597 1828 legi
625 1771 816 1827 poterat.

436 1855 571 1909 6212

528 1929 725 1985 Aspicite,
756 1929 958 1983 innuptae
988 1941 1126 1970 secum
1158 1933 1202 1970 ut
1233 1928 1463 1971 meditata
1495 1929 1759 1983 requirunt.

432 2013 552 2058 Haec
600 2014 717 2056 recte
764 2011 811 2055 in
848 2011 1056 2056 Thuaneo
1096 2012 1337 2066 habentur3
1385 2012 1577 2056 codicum
1619 2011 1694 2068 qui
1734 2025 1756 2054 e
1797 2009 1835 2053 V

320 2087 505 2131 derivati
538 2087 643 2129 sunt
672 2084 870 2142 plerique
901 2085 1113 2141 praebent
1143 2085 1269 2130 haec:

531 2173 715 2227 Aspicite
745 2172 1027 2226 innuptaeque
1058 2185 1196 2214 seeum
1227 2178 1272 2214 ut
1302 2173 1504 2223 meditare
1536 2177 1757 2228 quaerunt,

311 2246 569 2302 quibuscum
601 2244 642 2287 D
675 2243 913 2295 consentit,
954 2242 1038 2285 nisi
1076 2243 1188 2299 quod
1230 2244 1276 2287 in
1315 2244 1401 2288 fine
1432 2243 1609 2287 exhibet
1640 2229 1840 2286 meditata

310 2325 579 2377 requaerunt.
643 2316 791 2375 Atque
838 2316 1027 2374 primum
1074 2331 1159 2373 quo
1207 2332 1351 2362 errore
1390 2317 1500 2362 illud
1539 2332 1618 2375 que
1656 2315 1701 2360 in
1739 2330 1839 2360 voce

309 2396 591 2450 innuptaeque
629 2392 775 2434 ortum
815 2389 892 2443 sit,
935 2404 987 2433 ex
1018 2390 1173 2434 codicis
1207 2389 1243 2435 Ο
1285 2390 1501 2449 scriptura
1542 2392 1711 2447 innupte
1744 2386 1839 2444 qriit

312 2470 511 2523 apparet.
566 2465 694 2509 Hanc
726 2464 989 2520 scripturam
1020 2464 1066 2507 in
1088 2463 1130 2507 V
1162 2463 1292 2508 fuisse
1323 2465 1570 2521 ponendum
1602 2466 1687 2517 est,
1720 2466 1840 2509 cuius

311 2538 454 2583 scriba
489 2538 668 2582 verbum
702 2543 922 2594 quaerunt,
955 2536 1066 2593 quod
1100 2536 1145 2579 in
1173 2536 1257 2582 fine
1280 2550 1425 2581 versus
1445 2536 1707 2581 exarandum
1730 2539 1839 2590 erat,

312 2627 458 2656 errore
506 2609 778 2667 transposuit
818 2612 920 2653 ante
964 2625 1126 2661 seeum;
1175 2610 1248 2654 sed
1294 2613 1394 2666 post
1431 2624 1575 2653 errore
1611 2614 1840 2667 perspecto

312 2682 527 2740 expunxit
559 2685 604 2725 et
635 2696 713 2726 suo
746 2682 840 2726 loco
872 2682 1091 2735 exaravit3
1124 2682 1292 2727 librarii
1324 2683 1469 2726 autem
1501 2681 1577 2738 qui
1609 2679 1650 2723 V
1682 2682 1841 2727 descri-

315 2757 479 2801 bebant
510 2756 727 2813 syllabam
760 2772 838 2813 que
869 2771 947 2814 per
969 2771 1158 2800 errorem
1180 2759 1475 2801 servaverunt.
1525 2754 1676 2812 Neque
1697 2757 1841 2800 minus

313 2828 445 2874 facile
474 2828 760 2886 perspicitur,
805 2829 1019 2887 quomodo
1056 2831 1257 2873 meditare
1288 2836 1492 2886 quaerunt
1523 2830 1668 2873 ortum
1699 2829 1758 2873 sit
1788 2843 1842 2872 ex

310 2902 503 2962 genuina
534 2903 751 2961 scriptura
783 2905 983 2947 meditata
1004 2906 1231 2959 requirunt.
1281 2901 1332 2944 In
1362 2917 1463 2946 voce
1484 2904 1685 2946 meditata
1706 2901 1840 2946 libra-
