<?xml version="1.0" encoding="UTF-8"?>
<!DOCTYPE html PUBLIC "-//W3C//DTD XHTML 1.0 Transitional//EN"
    "http://www.w3.org/TR/xhtml1/DTD/xhtml1-transitional.dtd">
<html xmlns="http://www.w3.org/1999/xhtml" xml:lang="en" lang="en">
 <head>
  <title>
</title>
<meta http-equiv="Content-Type" content="text/html;charset=utf-8" />
  <meta name='ocr-system' content='tesseract 3.04.00' />
  <meta name='ocr-capabilities' content='ocr_page ocr_carea ocr_par ocr_line ocrx_word'/>
</head>
<body>
  <div class='ocr_page' id='page_1' title='image "4738128_0029.png"; bbox 0 0 2087 3321; ppageno 0'>
   <div class='ocr_carea' id='block_1_1' title="bbox 1007 226 1064 271">
    <p class='ocr_par' dir='ltr' id='par_1_1' title="bbox 1007 226 1064 271">
     <span class='ocr_line' id='line_1_1' title="bbox 1007 226 1064 271; baseline 0 0"><span class='ocrx_word' id='word_1_1' title='bbox 1007 226 1064 271; x_wconf 81' lang='lat'><strong>1⁰7</strong></span> 
     </span>
    </p>
   </div>
   <div class='ocr_carea' id='block_1_2' title="bbox 204 349 1791 2887">
    <p class='ocr_par' dir='ltr' id='par_1_2' title="bbox 297 349 1787 829">
     <span class='ocr_line' id='line_1_2' title="bbox 402 349 533 402; baseline -0.031 -8"><span class='ocrx_word' id='word_1_2' title='bbox 402 349 533 402; x_wconf 87' lang='lat'>14‚18</span> 
     </span>
     <span class='ocr_line' id='line_1_3' title="bbox 493 408 1551 477; baseline 0.002 -13"><span class='ocrx_word' id='word_1_3' title='bbox 493 419 671 465; x_wconf 75' lang='lat' dir='ltr'><strong>Curram</strong></span> <span class='ocrx_word' id='word_1_4' title='bbox 700 422 892 465; x_wconf 73' lang='lat' dir='ltr'><strong>scrinia.-</strong></span> <span class='ocrx_word' id='word_1_5' title='bbox 925 408 1107 473; x_wconf 57' lang='lat' dir='ltr'><strong>Caenos,</strong></span> <span class='ocrx_word' id='word_1_6' title='bbox 1140 419 1324 477; x_wconf 74' lang='lat' dir='ltr'><strong>Aquinas</strong></span> <span class='ocrx_word' id='word_1_7' title='bbox 1549 439 1551 442; x_wconf 95' lang='lat'>·</span> 
     </span>
     <span class='ocr_line' id='line_1_4' title="bbox 297 491 1787 553; baseline 0 -16"><span class='ocrx_word' id='word_1_8' title='bbox 297 526 300 528; x_wconf 27' lang='lat' dir='ltr'>v</span> <span class='ocrx_word' id='word_1_9' title='bbox 379 496 563 537; x_wconf 57' lang='lat' dir='ltr'><strong>»Scrinia</strong></span> <span class='ocrx_word' id='word_1_10' title='bbox 582 495 792 551; x_wconf 83' lang='lat' dir='ltr'><strong>praebent</strong></span> <span class='ocrx_word' id='word_1_11' title='bbox 811 492 933 546; x_wconf 83' lang='lat' dir='ltr'><strong>G&#39;O,</strong></span> <span class='ocrx_word' id='word_1_12' title='bbox 953 495 1119 537; x_wconf 65' lang='lat' dir='ltr'><strong>scrinea</strong></span> <span class='ocrx_word' id='word_1_13' title='bbox 1139 491 1287 536; x_wconf 81' lang='lat' dir='ltr'><strong>G²DL</strong></span> <span class='ocrx_word' id='word_1_14' title='bbox 1310 493 1383 553; x_wconf 83' lang='lat' dir='ltr'><strong>(cf.</strong></span> <span class='ocrx_word' id='word_1_15' title='bbox 1401 492 1645 537; x_wconf 86' lang='lat' dir='ltr'><strong>Bonnetnm</strong></span> <span class='ocrx_word' id='word_1_16' title='bbox 1667 494 1697 536; x_wconf 84' lang='lat' dir='ltr'><strong>l.</strong></span> <span class='ocrx_word' id='word_1_17' title='bbox 1722 493 1787 550; x_wconf 85' lang='grc'><strong>1.).</strong></span> 
     </span>
     <span class='ocr_line' id='line_1_5' title="bbox 329 564 954 625; baseline 0 -14"><span class='ocrx_word' id='word_1_18' title='bbox 329 592 331 595; x_wconf 83' lang='grc'><em>·</em></span> <span class='ocrx_word' id='word_1_19' title='bbox 397 566 560 621; x_wconf 85' lang='grc'>61,204</span> <span class='ocrx_word' id='word_1_20' title='bbox 591 564 719 625; x_wconf 81' lang='grc'>(197)</span> <span class='ocrx_word' id='word_1_21' title='bbox 951 616 954 619; x_wconf 9' lang='grc' dir='ltr'>μ</span> 
     </span>
     <span class='ocr_line' id='line_1_6' title="bbox 838 639 1266 694; baseline 0 -13"><span class='ocrx_word' id='word_1_22' title='bbox 838 640 841 644; x_wconf 87' lang='grc'><strong>’</strong></span> <span class='ocrx_word' id='word_1_23' title='bbox 899 640 1094 694; x_wconf 74' lang='lat' dir='ltr'><strong>quoniam</strong></span> <span class='ocrx_word' id='word_1_24' title='bbox 1121 639 1266 694; x_wconf 81' lang='lat' dir='ltr'><strong>palam</strong></span> 
     </span>
     <span class='ocr_line' id='line_1_7' title="bbox 495 712 1181 767; baseline -0.001 -12"><span class='ocrx_word' id='word_1_25' title='bbox 495 712 616 764; x_wconf 82' lang='lat' dir='ltr'><strong>Quod</strong></span> <span class='ocrx_word' id='word_1_26' title='bbox 646 712 764 766; x_wconf 76' lang='lat' dir='ltr'><strong>cupis</strong></span> <span class='ocrx_word' id='word_1_27' title='bbox 795 712 931 767; x_wconf 74' lang='lat' dir='ltr'><strong>capis</strong></span> <span class='ocrx_word' id='word_1_28' title='bbox 961 717 1001 754; x_wconf 85' lang='lat' dir='ltr'><strong>et</strong></span> <span class='ocrx_word' id='word_1_29' title='bbox 1031 712 1181 755; x_wconf 79' lang='lat' dir='ltr'><strong>bonnm</strong></span> 
     </span>
     <span class='ocr_line' id='line_1_8' title="bbox 560 783 1128 829; baseline 0.002 -2"><span class='ocrx_word' id='word_1_30' title='bbox 560 785 653 828; x_wconf 88' lang='lat' dir='ltr'><strong>Non</strong></span> <span class='ocrx_word' id='word_1_31' title='bbox 685 783 905 828; x_wconf 72' lang='lat' dir='ltr'><strong>abscondis</strong></span> <span class='ocrx_word' id='word_1_32' title='bbox 936 798 1128 829; x_wconf 84' lang='lat' dir='ltr'><strong>amorem.</strong></span> 
     </span>
    </p>

    <p class='ocr_par' dir='ltr' id='par_1_3' title="bbox 204 854 1791 1862">
     <span class='ocr_line' id='line_1_9' title="bbox 260 854 1786 910; baseline -0.001 -11"><span class='ocrx_word' id='word_1_33' title='bbox 260 904 264 906; x_wconf 62' lang='lat'>‚</span> <span class='ocrx_word' id='word_1_34' title='bbox 395 855 513 900; x_wconf 84' lang='lat' dir='ltr'><strong>Haec</strong></span> <span class='ocrx_word' id='word_1_35' title='bbox 541 858 588 900; x_wconf 86' lang='lat' dir='ltr'><strong>et</strong></span> <span class='ocrx_word' id='word_1_36' title='bbox 618 856 665 899; x_wconf 92' lang='lat' dir='ltr'><strong>in</strong></span> <span class='ocrx_word' id='word_1_37' title='bbox 696 854 963 901; x_wconf 85' lang='lat' dir='ltr'><strong>Lachmanni</strong></span> <span class='ocrx_word' id='word_1_38' title='bbox 993 857 1118 901; x_wconf 83' lang='lat' dir='ltr'><strong>libris</strong></span> <span class='ocrx_word' id='word_1_39' title='bbox 1148 859 1194 901; x_wconf 87' lang='lat' dir='ltr'><strong>et</strong></span> <span class='ocrx_word' id='word_1_40' title='bbox 1224 857 1269 900; x_wconf 86' lang='lat' dir='ltr'><strong>in</strong></span> <span class='ocrx_word' id='word_1_41' title='bbox 1300 855 1338 900; x_wconf 99' lang='lat' dir='ltr'><strong>G</strong></span> <span class='ocrx_word' id='word_1_42' title='bbox 1369 858 1535 910; x_wconf 84' lang='lat' dir='ltr'><strong>extant,</strong></span> <span class='ocrx_word' id='word_1_43' title='bbox 1567 855 1641 900; x_wconf 65' lang='lat' dir='ltr'><strong>md</strong></span> <span class='ocrx_word' id='word_1_44' title='bbox 1672 856 1716 899; x_wconf 89' lang='lat' dir='ltr'><strong>in</strong></span> <span class='ocrx_word' id='word_1_45' title='bbox 1747 854 1786 897; x_wconf 93' lang='lat' dir='ltr'><strong>G</strong></span> 
     </span>
     <span class='ocr_line' id='line_1_10' title="bbox 204 918 1787 987; baseline 0 -14"><span class='ocrx_word' id='word_1_46' title='bbox 204 918 207 920; x_wconf 14' lang='lat' dir='ltr'>v</span> <span class='ocrx_word' id='word_1_47' title='bbox 275 932 393 985; x_wconf 74' lang='lat' dir='ltr'><strong>capis</strong></span> <span class='ocrx_word' id='word_1_48' title='bbox 423 944 449 972; x_wconf 82' lang='lat' dir='ltr'><strong>a</strong></span> <span class='ocrx_word' id='word_1_49' title='bbox 479 930 719 972; x_wconf 82' lang='lat' dir='ltr'><strong>correctore</strong></span> <span class='ocrx_word' id='word_1_50' title='bbox 750 928 1001 974; x_wconf 87' lang='lat' dir='ltr'><strong>restitutum</strong></span> <span class='ocrx_word' id='word_1_51' title='bbox 1033 932 1099 975; x_wconf 87' lang='lat' dir='ltr'><strong>est</strong></span> <span class='ocrx_word' id='word_1_52' title='bbox 1129 943 1183 974; x_wconf 85' lang='lat' dir='ltr'><strong>ex</strong></span> <span class='ocrx_word' id='word_1_53' title='bbox 1208 930 1374 987; x_wconf 84' lang='lat' dir='ltr'><strong>primae</strong></span> <span class='ocrx_word' id='word_1_54' title='bbox 1395 943 1548 974; x_wconf 87' lang='lat' dir='ltr'><strong>manus</strong></span> <span class='ocrx_word' id='word_1_55' title='bbox 1569 929 1787 987; x_wconf 80' lang='lat' dir='ltr'><strong>scriptura</strong></span> 
     </span>
     <span class='ocr_line' id='line_1_11' title="bbox 275 999 1786 1060; baseline 0 -15"><span class='ocrx_word' id='word_1_56' title='bbox 275 1004 393 1058; x_wconf 74' lang='lat' dir='ltr'><strong>cupis</strong></span> <span class='ocrx_word' id='word_1_57' title='bbox 424 999 495 1043; x_wconf 72' lang='lat' dir='ltr'><strong>cf.&#39;</strong></span> <span class='ocrx_word' id='word_1_58' title='bbox 513 999 757 1045; x_wconf 83' lang='lat' dir='ltr'><strong>Bonnetum</strong></span> <span class='ocrx_word' id='word_1_59' title='bbox 788 1001 817 1046; x_wconf 92' lang='lat'><strong>1.</strong></span> <span class='ocrx_word' id='word_1_60' title='bbox 850 1001 882 1047; x_wconf 88' lang='grc'><strong>1.</strong></span> <span class='ocrx_word' id='word_1_61' title='bbox 934 1001 971 1045; x_wconf 95' lang='grc' dir='ltr'><strong>Ο</strong></span> <span class='ocrx_word' id='word_1_62' title='bbox 1002 1016 1098 1047; x_wconf 89' lang='lat' dir='ltr'><strong>cum</strong></span> <span class='ocrx_word' id='word_1_63' title='bbox 1129 1009 1200 1060; x_wconf 59' lang='grc' dir='ltr'><strong>Ρη·</strong></span> <span class='ocrx_word' id='word_1_64' title='bbox 1228 1017 1284 1046; x_wconf 90' lang='lat' dir='ltr'><strong>m.</strong></span> <span class='ocrx_word' id='word_1_65' title='bbox 1317 1001 1472 1046; x_wconf 82' lang='lat' dir='ltr'><strong>codicis</strong></span> <span class='ocrx_word' id='word_1_66' title='bbox 1501 1001 1542 1045; x_wconf 94' lang='lat' dir='ltr'><strong>G</strong></span> <span class='ocrx_word' id='word_1_67' title='bbox 1572 1001 1691 1046; x_wconf 85' lang='lat' dir='ltr'><strong>facit.</strong></span> <span class='ocrx_word' id='word_1_68' title='bbox 1745 1002 1786 1044; x_wconf 87' lang='lat' dir='ltr'>A</span> 
     </span>
     <span class='ocr_line' id='line_1_12' title="bbox 274 1074 1785 1133; baseline 0.001 -16"><span class='ocrx_word' id='word_1_69' title='bbox 274 1074 489 1130; x_wconf 86' lang='lat' dir='ltr'><strong>scriptura</strong></span> <span class='ocrx_word' id='word_1_70' title='bbox 546 1074 728 1132; x_wconf 82' lang='lat' dir='ltr'><strong>vulgata</strong></span> <span class='ocrx_word' id='word_1_71' title='bbox 779 1074 891 1131; x_wconf 79' lang='lat' dir='ltr'><strong>quod</strong></span> <span class='ocrx_word' id='word_1_72' title='bbox 941 1077 1058 1132; x_wconf 76' lang='lat' dir='ltr'><strong>cupis</strong></span> <span class='ocrx_word' id='word_1_73' title='bbox 1108 1078 1247 1132; x_wconf 74' lang='lat' dir='ltr'><strong>capis,</strong></span> <span class='ocrx_word' id='word_1_74' title='bbox 1300 1090 1431 1133; x_wconf 86' lang='lat' dir='ltr'><strong>quam</strong></span> <span class='ocrx_word' id='word_1_75' title='bbox 1482 1074 1785 1120; x_wconf 81' lang='lat' dir='ltr'><strong>Lachmannus</strong></span> 
     </span>
     <span class='ocr_line' id='line_1_13' title="bbox 273 1145 1786 1204; baseline 0.001 -14"><span class='ocrx_word' id='word_1_76' title='bbox 273 1145 497 1204; x_wconf 85' lang='lat' dir='ltr'><strong>amplexus</strong></span> <span class='ocrx_word' id='word_1_77' title='bbox 527 1149 607 1201; x_wconf 85' lang='lat' dir='ltr'><strong>est,</strong></span> <span class='ocrx_word' id='word_1_78' title='bbox 640 1149 754 1191; x_wconf 87' lang='lat' dir='ltr'><strong>recte</strong></span> <span class='ocrx_word' id='word_1_79' title='bbox 785 1147 985 1191; x_wconf 83' lang='lat' dir='ltr'><strong>videntur</strong></span> <span class='ocrx_word' id='word_1_80' title='bbox 1014 1149 1236 1192; x_wconf 75' lang='lat' dir='ltr'><strong>recessisse</strong></span> <span class='ocrx_word' id='word_1_81' title='bbox 1267 1148 1470 1192; x_wconf 77' lang='lat' dir='ltr'>Heinsius</span> <span class='ocrx_word' id='word_1_82' title='bbox 1498 1146 1786 1192; x_wconf 81' lang='lat' dir='ltr'><strong>Baehrensius</strong></span> 
     </span>
     <span class='ocr_line' id='line_1_14' title="bbox 273 1218 1787 1279; baseline 0.002 -17"><span class='ocrx_word' id='word_1_83' title='bbox 273 1218 497 1263; x_wconf 84' lang='lat' dir='ltr'><strong>Vahlenus</strong></span> <span class='ocrx_word' id='word_1_84' title='bbox 554 1219 668 1279; x_wconf 70' lang='lat' dir='ltr'><strong>(Cat.</strong></span> <span class='ocrx_word' id='word_1_85' title='bbox 715 1220 810 1265; x_wconf 80' lang='lat' dir='ltr'><strong>Tib.</strong></span> <span class='ocrx_word' id='word_1_86' title='bbox 854 1219 984 1277; x_wconf 88' lang='lat' dir='ltr'><strong>Prop.</strong></span> <span class='ocrx_word' id='word_1_87' title='bbox 1030 1221 1087 1264; x_wconf 87' lang='lat' dir='ltr'><strong>ab</strong></span> <span class='ocrx_word' id='word_1_88' title='bbox 1124 1220 1328 1278; x_wconf 71' lang='lat' dir='ltr'><strong>‘Hauptio</strong></span> <span class='ocrx_word' id='word_1_89' title='bbox 1374 1233 1546 1278; x_wconf 75' lang='lat' dir='ltr'><strong>recogn.</strong></span> <span class='ocrx_word' id='word_1_90' title='bbox 1593 1219 1657 1265; x_wconf 82' lang='lat' dir='ltr'><strong>ed.</strong></span> <span class='ocrx_word' id='word_1_91' title='bbox 1701 1219 1787 1278; x_wconf 81' lang='lat' dir='ltr'><strong>IV)</strong></span> 
     </span>
     <span class='ocr_line' id='line_1_15' title="bbox 272 1286 1788 1351; baseline 0.001 -16"><span class='ocrx_word' id='word_1_92' title='bbox 272 1291 507 1337; x_wconf 77' lang='lat' dir='ltr'><strong>scribentes</strong></span> <span class='ocrx_word' id='word_1_93' title='bbox 560 1286 671 1351; x_wconf 75' lang='lat' dir='ltr'><strong>qnod</strong></span> <span class='ocrx_word' id='word_1_94' title='bbox 722 1294 839 1349; x_wconf 75' lang='lat' dir='ltr'><strong>cupis</strong></span> <span class='ocrx_word' id='word_1_95' title='bbox 886 1295 1015 1349; x_wconf 72' lang='lat' dir='ltr'><strong>cupis.</strong></span> <span class='ocrx_word' id='word_1_96' title='bbox 1092 1292 1204 1345; x_wconf 83' lang='lat' dir='ltr'><strong>Quid</strong></span> <span class='ocrx_word' id='word_1_97' title='bbox 1249 1292 1365 1338; x_wconf 83' lang='lat' dir='ltr'><strong>enim</strong></span> <span class='ocrx_word' id='word_1_98' title='bbox 1410 1293 1595 1338; x_wconf 76' lang='lat' dir='ltr'><strong>maritus</strong></span> <span class='ocrx_word' id='word_1_99' title='bbox 1639 1293 1788 1351; x_wconf 73' lang='lat' dir='ltr'><strong>capit?</strong></span> 
     </span>
     <span class='ocr_line' id='line_1_16' title="bbox 271 1365 1787 1423; baseline 0.001 -15"><span class='ocrx_word' id='word_1_100' title='bbox 271 1365 423 1409; x_wconf 84' lang='lat' dir='ltr'><strong>Palam</strong></span> <span class='ocrx_word' id='word_1_101' title='bbox 461 1369 578 1410; x_wconf 85' lang='lat' dir='ltr'><strong>certe</strong></span> <span class='ocrx_word' id='word_1_102' title='bbox 617 1365 730 1409; x_wconf 86' lang='lat' dir='ltr'><strong>nihil</strong></span> <span class='ocrx_word' id='word_1_103' title='bbox 758 1366 901 1422; x_wconf 79' lang='lat' dir='ltr'><strong>capit.</strong></span> <span class='ocrx_word' id='word_1_104' title='bbox 962 1365 1194 1410; x_wconf 82' lang='lat' dir='ltr'><strong>Praeterea</strong></span> <span class='ocrx_word' id='word_1_105' title='bbox 1232 1381 1329 1410; x_wconf 88' lang='lat' dir='ltr'><strong>cum</strong></span> <span class='ocrx_word' id='word_1_106' title='bbox 1361 1366 1611 1411; x_wconf 80' lang='lat' dir='ltr'><strong>adverbium</strong></span> <span class='ocrx_word' id='word_1_107' title='bbox 1642 1368 1787 1423; x_wconf 72' lang='lat' dir='ltr'><strong>palam</strong></span> 
     </span>
     <span class='ocr_line' id='line_1_17' title="bbox 271 1437 1791 1501; baseline 0.001 -19"><span class='ocrx_word' id='word_1_108' title='bbox 271 1438 432 1497; x_wconf 81' lang='lat' dir='ltr'><strong>insigni</strong></span> <span class='ocrx_word' id='word_1_109' title='bbox 462 1437 679 1483; x_wconf 83' lang='lat' dir='ltr'><strong>enuntiati</strong></span> <span class='ocrx_word' id='word_1_110' title='bbox 710 1438 804 1482; x_wconf 93' lang='lat' dir='ltr'><strong>loco</strong></span> <span class='ocrx_word' id='word_1_111' title='bbox 835 1452 934 1482; x_wconf 90' lang='lat' dir='ltr'><strong>cum</strong></span> <span class='ocrx_word' id='word_1_112' title='bbox 963 1437 1007 1482; x_wconf 82' lang='lat' dir='ltr'><strong>vi</strong></span> <span class='ocrx_word' id='word_1_113' title='bbox 1037 1439 1083 1481; x_wconf 87' lang='lat' dir='ltr'><strong>et</strong></span> <span class='ocrx_word' id='word_1_114' title='bbox 1111 1439 1300 1496; x_wconf 85' lang='lat' dir='ltr'><strong>pondere</strong></span> <span class='ocrx_word' id='word_1_115' title='bbox 1330 1441 1532 1496; x_wconf 83' lang='lat' dir='ltr'><strong>ponatur,</strong></span> <span class='ocrx_word' id='word_1_116' title='bbox 1564 1454 1652 1483; x_wconf 89' lang='lat' dir='ltr'><strong>non</strong></span> <span class='ocrx_word' id='word_1_117' title='bbox 1683 1442 1791 1501; x_wconf 72' lang='lat' dir='ltr'><strong>apte¹</strong></span> 
     </span>
     <span class='ocr_line' id='line_1_18' title="bbox 271 1510 1785 1569; baseline 0.001 -15"><span class='ocrx_word' id='word_1_118' title='bbox 271 1511 450 1554; x_wconf 85' lang='lat' dir='ltr'><strong>verbum</strong></span> <span class='ocrx_word' id='word_1_119' title='bbox 482 1510 677 1568; x_wconf 83' lang='lat' dir='ltr'><strong>capiendi</strong></span> <span class='ocrx_word' id='word_1_120' title='bbox 707 1510 774 1554; x_wconf 86' lang='lat' dir='ltr'><strong>ita</strong></span> <span class='ocrx_word' id='word_1_121' title='bbox 803 1510 1004 1563; x_wconf 80' lang='lat' dir='ltr'><strong>infertur,</strong></span> <span class='ocrx_word' id='word_1_122' title='bbox 1036 1513 1087 1553; x_wconf 90' lang='lat' dir='ltr'><strong>ut</strong></span> <span class='ocrx_word' id='word_1_123' title='bbox 1118 1512 1316 1569; x_wconf 88' lang='lat' dir='ltr'><strong>cupiendi</strong></span> <span class='ocrx_word' id='word_1_124' title='bbox 1336 1512 1646 1568; x_wconf 73' lang='lat' dir='ltr'><strong>verbo&#39;oppo&#39;ni</strong></span> <span class='ocrx_word' id='word_1_125' title='bbox 1667 1513 1785 1556; x_wconf 83' lang='lat' dir='ltr'><strong>vide·</strong></span> 
     </span>
     <span class='ocr_line' id='line_1_19' title="bbox 272 1583 1784 1642; baseline 0.001 -14"><span class='ocrx_word' id='word_1_126' title='bbox 272 1587 394 1636; x_wconf 79' lang='lat' dir='ltr'><strong>atur3</strong></span> <span class='ocrx_word' id='word_1_127' title='bbox 431 1584 645 1642; x_wconf 85' lang='lat' dir='ltr'><strong>oppositio</strong></span> <span class='ocrx_word' id='word_1_128' title='bbox 681 1584 825 1641; x_wconf 90' lang='lat' dir='ltr'><strong>potius</strong></span> <span class='ocrx_word' id='word_1_129' title='bbox 856 1583 973 1628; x_wconf 84' lang='lat' dir='ltr'><strong>inter&#39;</strong></span> <span class='ocrx_word' id='word_1_130' title='bbox 1004 1588 1161 1640; x_wconf 78' lang='lat' dir='ltr'><strong>&#39;cupere</strong></span> <span class='ocrx_word' id='word_1_131' title='bbox 1185 1586 1230 1629; x_wconf 89' lang='lat' dir='ltr'><strong>et</strong></span> <span class='ocrx_word' id='word_1_132' title='bbox 1259 1586 1403 1642; x_wconf 83' lang='lat' dir='ltr'><strong>palam</strong></span> <span class='ocrx_word' id='word_1_133' title='bbox 1435 1599 1587 1641; x_wconf 78' lang='lat' dir='ltr'><strong>cupere</strong></span> <span class='ocrx_word' id='word_1_134' title='bbox 1617 1584 1784 1630; x_wconf 73' lang='lat' dir='ltr'><strong>deside-</strong></span> 
     </span>
     <span class='ocr_line' id='line_1_20' title="bbox 272 1657 1786 1714; baseline 0.001 -15"><span class='ocrx_word' id='word_1_135' title='bbox 272 1658 396 1699; x_wconf 86' lang='lat' dir='ltr'><strong>ratur</strong></span> <span class='ocrx_word' id='word_1_136' title='bbox 441 1657 569 1714; x_wconf 90' lang='lat' dir='ltr'><strong>idque</strong></span> <span class='ocrx_word' id='word_1_137' title='bbox 611 1657 842 1700; x_wconf 87' lang='lat' dir='ltr'><strong>confirmat</strong></span> <span class='ocrx_word' id='word_1_138' title='bbox 887 1657 1105 1713; x_wconf 87' lang='lat' dir='ltr'><strong>sequentis</strong></span> <span class='ocrx_word' id='word_1_139' title='bbox 1150 1659 1365 1702; x_wconf 87' lang='lat' dir='ltr'><strong>enuntiati</strong></span> <span class='ocrx_word' id='word_1_140' title='bbox 1412 1657 1698 1701; x_wconf 86' lang='lat' dir='ltr'><strong>conformatio</strong></span> <span class='ocrx_word' id='word_1_141' title='bbox 1745 1665 1786 1701; x_wconf 84' lang='lat' dir='ltr'><strong>et</strong></span> 
     </span>
     <span class='ocr_line' id='line_1_21' title="bbox 272 1729 1786 1790; baseline 0.001 -15"><span class='ocrx_word' id='word_1_142' title='bbox 272 1733 419 1775; x_wconf 80' lang='lat' dir='ltr'><strong>bonum</strong></span> <span class='ocrx_word' id='word_1_143' title='bbox 451 1746 532 1775; x_wconf 82' lang='lat' dir='ltr'><strong>non</strong></span> <span class='ocrx_word' id='word_1_144' title='bbox 564 1732 783 1775; x_wconf 73' lang='lat' dir='ltr'><strong>abscondis</strong></span> <span class='ocrx_word' id='word_1_145' title='bbox 813 1744 1008 1775; x_wconf 84' lang='lat' dir='ltr'><strong>amorem.</strong></span> <span class='ocrx_word' id='word_1_146' title='bbox 1055 1729 1339 1782; x_wconf 85' lang='lat' dir='ltr'><strong>Quamobrem</strong></span> <span class='ocrx_word' id='word_1_147' title='bbox 1371 1729 1633 1788; x_wconf 72' lang='lat' dir='ltr'><strong>scripturam</strong></span> <span class='ocrx_word' id='word_1_148' title='bbox 1665 1734 1786 1790; x_wconf 79' lang='lat' dir='ltr'><strong>cupis</strong></span> 
     </span>
     <span class='ocr_line' id='line_1_22' title="bbox 271 1796 1032 1862; baseline 0.005 -14"><span class='ocrx_word' id='word_1_149' title='bbox 271 1806 494 1862; x_wconf 87' lang='lat' dir='ltr'><strong>praestare</strong></span> <span class='ocrx_word' id='word_1_150' title='bbox 523 1805 645 1862; x_wconf 82' lang='lat' dir='ltr'><strong>puto.</strong></span> <span class='ocrx_word' id='word_1_151' title='bbox 1026 1796 1032 1799; x_wconf 44' lang='grc'><strong>”</strong></span> 
     </span>
    </p>

    <p class='ocr_par' dir='ltr' id='par_1_4' title="bbox 392 1877 556 1932">
     <span class='ocr_line' id='line_1_23' title="bbox 392 1877 556 1932; baseline 0 -10"><span class='ocrx_word' id='word_1_152' title='bbox 392 1877 556 1932; x_wconf 83' lang='grc'>64,355</span> 
     </span>
    </p>

    <p class='ocr_par' dir='ltr' id='par_1_5' title="bbox 428 1951 1723 2007">
     <span class='ocr_line' id='line_1_24' title="bbox 428 1951 1723 2007; baseline 0 -12"><span class='ocrx_word' id='word_1_153' title='bbox 428 1976 431 1980; x_wconf 80' lang='lat'><em>,</em></span> <span class='ocrx_word' id='word_1_154' title='bbox 489 1952 760 2007; x_wconf 71' lang='lat' dir='ltr'><strong>Troiuqenum</strong></span> <span class='ocrx_word' id='word_1_155' title='bbox 788 1951 940 2007; x_wconf 76' lang='lat' dir='ltr'><strong>infesto</strong></span> <span class='ocrx_word' id='word_1_156' title='bbox 969 1955 1221 2006; x_wconf 73' lang='lat' dir='ltr'><strong>prosternet</strong></span> <span class='ocrx_word' id='word_1_157' title='bbox 1252 1963 1435 2006; x_wconf 83' lang='lat' dir='ltr'><strong>corpora</strong></span> <span class='ocrx_word' id='word_1_158' title='bbox 1463 1952 1595 2006; x_wconf 80' lang='lat' dir='ltr'><strong>ferro.</strong></span> <span class='ocrx_word' id='word_1_159' title='bbox 1661 1968 1664 1970; x_wconf 91' lang='lat'>·</span> <span class='ocrx_word' id='word_1_160' title='bbox 1720 1970 1723 1972; x_wconf 89' lang='lat'>·</span> 
     </span>
    </p>

    <p class='ocr_par' dir='ltr' id='par_1_6' title="bbox 266 2014 1785 2887">
     <span class='ocr_line' id='line_1_25' title="bbox 393 2014 1782 2081; baseline -0.001 -14"><span class='ocrx_word' id='word_1_161' title='bbox 393 2023 617 2081; x_wconf 88' lang='lat' dir='ltr'><strong>Participii</strong></span> <span class='ocrx_word' id='word_1_162' title='bbox 648 2023 832 2068; x_wconf 87' lang='lat' dir='ltr'><strong>formam</strong></span> <span class='ocrx_word' id='word_1_163' title='bbox 860 2029 1128 2080; x_wconf 80' lang='lat' dir='ltr'><strong>prosternens</strong></span> <span class='ocrx_word' id='word_1_164' title='bbox 1148 2014 1188 2066; x_wconf 93' lang='lat' dir='ltr'>D</span> <span class='ocrx_word' id='word_1_165' title='bbox 1216 2025 1262 2067; x_wconf 90' lang='lat' dir='ltr'><strong>et</strong></span> <span class='ocrx_word' id='word_1_166' title='bbox 1287 2022 1429 2080; x_wconf 80' lang='lat' dir='ltr'><strong>prima</strong></span> <span class='ocrx_word' id='word_1_167' title='bbox 1450 2037 1605 2068; x_wconf 85' lang='lat' dir='ltr'><strong>manus</strong></span> <span class='ocrx_word' id='word_1_168' title='bbox 1626 2023 1782 2068; x_wconf 82' lang='lat' dir='ltr'><strong>codicis</strong></span> 
     </span>
     <span class='ocr_line' id='line_1_26' title="bbox 270 2094 1784 2154; baseline 0 -14"><span class='ocrx_word' id='word_1_169' title='bbox 270 2095 306 2140; x_wconf 93' lang='lat' dir='ltr'>L</span> <span class='ocrx_word' id='word_1_170' title='bbox 343 2098 583 2151; x_wconf 73' lang='lat' dir='ltr'><strong>testantur,</strong></span> <span class='ocrx_word' id='word_1_171' title='bbox 624 2096 839 2154; x_wconf 84' lang='lat' dir='ltr'><strong>scriptura</strong></span> <span class='ocrx_word' id='word_1_172' title='bbox 876 2102 1110 2153; x_wconf 75' lang='lat' dir='ltr'><strong>prosternet</strong></span> <span class='ocrx_word' id='word_1_173' title='bbox 1141 2094 1421 2141; x_wconf 86' lang='lat' dir='ltr'><strong>Lachmanno</strong></span> <span class='ocrx_word' id='word_1_174' title='bbox 1460 2099 1565 2141; x_wconf 86' lang='lat' dir='ltr'><strong>nota</strong></span> <span class='ocrx_word' id='word_1_175' title='bbox 1591 2097 1700 2142; x_wconf 73' lang='lat' dir='ltr'><strong>&#39;erat</strong></span> <span class='ocrx_word' id='word_1_176' title='bbox 1730 2111 1784 2141; x_wconf 84' lang='lat' dir='ltr'><strong>ex</strong></span> 
     </span>
     <span class='ocr_line' id='line_1_27' title="bbox 269 2168 1784 2226; baseline 0.001 -15"><span class='ocrx_word' id='word_1_177' title='bbox 269 2169 318 2226; x_wconf 81' lang='lat' dir='ltr'><strong>L,</strong></span> <span class='ocrx_word' id='word_1_178' title='bbox 351 2183 435 2226; x_wconf 88' lang='lat' dir='ltr'><strong>quo</strong></span> <span class='ocrx_word' id='word_1_179' title='bbox 465 2169 511 2212; x_wconf 92' lang='lat' dir='ltr'><strong>in</strong></span> <span class='ocrx_word' id='word_1_180' title='bbox 541 2171 653 2214; x_wconf 91' lang='lat' dir='ltr'><strong>libro</strong></span> <span class='ocrx_word' id='word_1_181' title='bbox 682 2185 713 2221; x_wconf 83' lang='lat' dir='ltr'><strong>a</strong></span> <span class='ocrx_word' id='word_1_182' title='bbox 744 2173 984 2214; x_wconf 87' lang='lat' dir='ltr'><strong>correctore</strong></span> <span class='ocrx_word' id='word_1_183' title='bbox 1019 2170 1217 2212; x_wconf 85' lang='lat' dir='ltr'><strong>futurum</strong></span> <span class='ocrx_word' id='word_1_184' title='bbox 1248 2169 1514 2226; x_wconf 77' lang='lat' dir='ltr'><strong>adscriptum</strong></span> <span class='ocrx_word' id='word_1_185' title='bbox 1545 2173 1625 2215; x_wconf 86' lang='lat' dir='ltr'><strong>est.</strong></span> <span class='ocrx_word' id='word_1_186' title='bbox 1687 2168 1726 2213; x_wconf 90' lang='lat' dir='ltr'><strong>G</strong></span> <span class='ocrx_word' id='word_1_187' title='bbox 1757 2186 1784 2213; x_wconf 91' lang='lat' dir='ltr'><strong>a</strong></span> 
     </span>
     <span class='ocr_line' id='line_1_28' title="bbox 269 2235 1783 2300; baseline 0.001 -15"><span class='ocrx_word' id='word_1_188' title='bbox 269 2257 335 2298; x_wconf 79' lang='lat' dir='ltr'><strong>pr.</strong></span> <span class='ocrx_word' id='word_1_189' title='bbox 365 2235 433 2286; x_wconf 63' lang='lat' dir='ltr'><strong>‘m.</strong></span> <span class='ocrx_word' id='word_1_190' title='bbox 474 2242 608 2287; x_wconf 88' lang='lat' dir='ltr'><strong>habet</strong></span> <span class='ocrx_word' id='word_1_191' title='bbox 645 2249 900 2300; x_wconf 75' lang='lat' dir='ltr'><strong>prosternet,</strong></span> <span class='ocrx_word' id='word_1_192' title='bbox 948 2243 1060 2299; x_wconf 89' lang='lat' dir='ltr'><strong>quod</strong></span> <span class='ocrx_word' id='word_1_193' title='bbox 1101 2257 1127 2286; x_wconf 85' lang='lat' dir='ltr'><strong>a</strong></span> <span class='ocrx_word' id='word_1_194' title='bbox 1164 2244 1405 2287; x_wconf 86' lang='lat' dir='ltr'><strong>correctore</strong></span> <span class='ocrx_word' id='word_1_195' title='bbox 1442 2244 1485 2286; x_wconf 88' lang='lat' dir='ltr'><strong>in</strong></span> <span class='ocrx_word' id='word_1_196' title='bbox 1518 2250 1783 2299; x_wconf 77' lang='lat' dir='ltr'><strong>prosternens</strong></span> 
     </span>
     <span class='ocr_line' id='line_1_29' title="bbox 269 2314 1785 2373; baseline 0 -15"><span class='ocrx_word' id='word_1_197' title='bbox 269 2317 487 2360; x_wconf 87' lang='lat' dir='ltr'><strong>mutatum</strong></span> <span class='ocrx_word' id='word_1_198' title='bbox 534 2318 619 2369; x_wconf 86' lang='lat' dir='ltr'><strong>est,</strong></span> <span class='ocrx_word' id='word_1_199' title='bbox 668 2315 706 2360; x_wconf 93' lang='grc' dir='ltr'>Ο</span> <span class='ocrx_word' id='word_1_200' title='bbox 752 2329 849 2360; x_wconf 90' lang='lat' dir='ltr'><strong>cum</strong></span> <span class='ocrx_word' id='word_1_201' title='bbox 895 2330 960 2373; x_wconf 78' lang='lat' dir='ltr'><strong>pr.</strong></span> <span class='ocrx_word' id='word_1_202' title='bbox 1001 2330 1056 2360; x_wconf 87' lang='lat' dir='ltr'><strong>m.</strong></span> <span class='ocrx_word' id='word_1_203' title='bbox 1097 2315 1254 2359; x_wconf 79' lang='lat' dir='ltr'><strong>codicis</strong></span> <span class='ocrx_word' id='word_1_204' title='bbox 1285 2314 1325 2358; x_wconf 88' lang='lat' dir='ltr'><strong>G</strong></span> <span class='ocrx_word' id='word_1_205' title='bbox 1361 2315 1481 2360; x_wconf 85' lang='lat' dir='ltr'><strong>facit.</strong></span> <span class='ocrx_word' id='word_1_206' title='bbox 1546 2318 1785 2360; x_wconf 81' lang='lat' dir='ltr'><strong>Prosternet</strong></span> 
     </span>
     <span class='ocr_line' id='line_1_30' title="bbox 268 2388 1782 2448; baseline -0.001 -16"><span class='ocrx_word' id='word_1_207' title='bbox 268 2389 587 2433; x_wconf 84' lang='lat' dir='ltr'><strong>constructione</strong></span> <span class='ocrx_word' id='word_1_208' title='bbox 638 2389 923 2448; x_wconf 88' lang='lat' dir='ltr'><strong>grammatica</strong></span> <span class='ocrx_word' id='word_1_209' title='bbox 974 2389 1214 2445; x_wconf 86' lang='lat' dir='ltr'><strong>requiritur</strong></span> <span class='ocrx_word' id='word_1_210' title='bbox 1264 2392 1309 2433; x_wconf 91' lang='lat' dir='ltr'><strong>et</strong></span> <span class='ocrx_word' id='word_1_211' title='bbox 1360 2405 1457 2434; x_wconf 89' lang='lat' dir='ltr'><strong>cum</strong></span> <span class='ocrx_word' id='word_1_212' title='bbox 1509 2388 1624 2447; x_wconf 79' lang='lat' dir='ltr'><strong>apud</strong></span> <span class='ocrx_word' id='word_1_213' title='bbox 1675 2389 1782 2434; x_wconf 86' lang='lat' dir='ltr'><strong>alios</strong></span> 
     </span>
     <span class='ocr_line' id='line_1_31' title="bbox 268 2461 1782 2521; baseline 0 -16"><span class='ocrx_word' id='word_1_214' title='bbox 268 2461 452 2507; x_wconf 84' lang='lat' dir='ltr'><strong>editores</strong></span> <span class='ocrx_word' id='word_1_215' title='bbox 480 2465 574 2506; x_wconf 88' lang='lat' dir='ltr'><strong>tum</strong></span> <span class='ocrx_word' id='word_1_216' title='bbox 596 2463 710 2520; x_wconf 85' lang='lat' dir='ltr'><strong>apud</strong></span> <span class='ocrx_word' id='word_1_217' title='bbox 731 2462 1056 2506; x_wconf 82' lang='lat' dir='ltr'><strong>Lachmannnm</strong></span> <span class='ocrx_word' id='word_1_218' title='bbox 1079 2461 1123 2505; x_wconf 91' lang='lat' dir='ltr'><strong>in</strong></span> <span class='ocrx_word' id='word_1_219' title='bbox 1146 2464 1271 2506; x_wconf 82' lang='lat' dir='ltr'><strong>textu</strong></span> <span class='ocrx_word' id='word_1_220' title='bbox 1292 2461 1467 2520; x_wconf 86' lang='lat' dir='ltr'><strong>legitur.</strong></span> <span class='ocrx_word' id='word_1_221' title='bbox 1515 2461 1588 2505; x_wconf 90' lang='lat' dir='ltr'><strong>Illi</strong></span> <span class='ocrx_word' id='word_1_222' title='bbox 1609 2463 1782 2521; x_wconf 84' lang='lat' dir='ltr'><strong>tantum</strong></span> 
     </span>
     <span class='ocr_line' id='line_1_32' title="bbox 266 2524 1783 2592; baseline 0.001 -15"><span class='ocrx_word' id='word_1_223' title='bbox 266 2535 350 2577; x_wconf 85' lang='lat' dir='ltr'><strong>viri</strong></span> <span class='ocrx_word' id='word_1_224' title='bbox 394 2536 528 2589; x_wconf 85' lang='lat' dir='ltr'><strong>docti,</strong></span> <span class='ocrx_word' id='word_1_225' title='bbox 575 2537 651 2592; x_wconf 90' lang='lat' dir='ltr'><strong>qui</strong></span> <span class='ocrx_word' id='word_1_226' title='bbox 697 2537 813 2580; x_wconf 88' lang='lat' dir='ltr'><strong>inter</strong></span> <span class='ocrx_word' id='word_1_227' title='bbox 858 2551 930 2580; x_wconf 83' lang='lat' dir='ltr'><strong>eas</strong></span> <span class='ocrx_word' id='word_1_228' title='bbox 967 2535 1170 2580; x_wconf 82' lang='lat' dir='ltr'><strong>carminis</strong></span> <span class='ocrx_word' id='word_1_229' title='bbox 1207 2524 1466 2592; x_wconf 78' lang='lat' dir='ltr'><strong>particulas,</strong></span> <span class='ocrx_word' id='word_1_230' title='bbox 1509 2550 1618 2592; x_wconf 88' lang='lat' dir='ltr'><strong>quae</strong></span> <span class='ocrx_word' id='word_1_231' title='bbox 1637 2552 1642 2556; x_wconf 96' lang='lat'>·</span> <span class='ocrx_word' id='word_1_232' title='bbox 1658 2549 1783 2578; x_wconf 80' lang='lat' dir='ltr'><strong>versu</strong></span> 
     </span>
     <span class='ocr_line' id='line_1_33' title="bbox 266 2606 1783 2666; baseline 0.001 -18"><span class='ocrx_word' id='word_1_233' title='bbox 266 2606 516 2652; x_wconf 81' lang='lat' dir='ltr'><strong>intercalari</strong></span> <span class='ocrx_word' id='word_1_234' title='bbox 543 2609 770 2662; x_wconf 86' lang='lat' dir='ltr'><strong>finiuntur,</strong></span> <span class='ocrx_word' id='word_1_235' title='bbox 804 2609 1119 2666; x_wconf 83' lang='lat' dir='ltr'><strong>responsionem</strong></span> <span class='ocrx_word' id='word_1_236' title='bbox 1141 2608 1356 2664; x_wconf 86' lang='lat' dir='ltr'><strong>quandam</strong></span> <span class='ocrx_word' id='word_1_237' title='bbox 1380 2611 1627 2653; x_wconf 83' lang='lat' dir='ltr'><strong>accuratam</strong></span> <span class='ocrx_word' id='word_1_238' title='bbox 1649 2607 1783 2651; x_wconf 81' lang='lat' dir='ltr'><strong>fuisse</strong></span> 
     </span>
     <span class='ocr_line' id='line_1_34' title="bbox 266 2681 1783 2738; baseline 0.002 -15"><span class='ocrx_word' id='word_1_239' title='bbox 266 2681 348 2724; x_wconf 88' lang='lat' dir='ltr'><strong>sibi</strong></span> <span class='ocrx_word' id='word_1_240' title='bbox 378 2685 708 2738; x_wconf 84' lang='lat' dir='ltr'><strong>persuaserunt,</strong></span> <span class='ocrx_word' id='word_1_241' title='bbox 748 2682 885 2726; x_wconf 86' lang='lat' dir='ltr'><strong>veluti</strong></span> <span class='ocrx_word' id='word_1_242' title='bbox 914 2681 1104 2735; x_wconf 86' lang='lat' dir='ltr'><strong>Ellisius‚</strong></span> <span class='ocrx_word' id='word_1_243' title='bbox 1135 2684 1403 2738; x_wconf 80' lang='lat' dir='ltr'><strong>prosternens</strong></span> <span class='ocrx_word' id='word_1_244' title='bbox 1433 2696 1583 2726; x_wconf 84' lang='lat' dir='ltr'><strong>verum</strong></span> <span class='ocrx_word' id='word_1_245' title='bbox 1615 2696 1706 2725; x_wconf 82' lang='lat' dir='ltr'><strong>csse</strong></span> <span class='ocrx_word' id='word_1_246' title='bbox 1736 2685 1783 2726; x_wconf 82' lang='lat' dir='ltr'><strong>et</strong></span> 
     </span>
     <span class='ocr_line' id='line_1_35' title="bbox 267 2755 1783 2812; baseline 0 -14"><span class='ocrx_word' id='word_1_247' title='bbox 267 2768 400 2799; x_wconf 91' lang='lat' dir='ltr'><strong>unum</strong></span> <span class='ocrx_word' id='word_1_248' title='bbox 433 2769 602 2800; x_wconf 84' lang='lat' dir='ltr'><strong>versum</strong></span> <span class='ocrx_word' id='word_1_249' title='bbox 634 2756 839 2801; x_wconf 82' lang='lat' dir='ltr'><strong>excidisse</strong></span> <span class='ocrx_word' id='word_1_250' title='bbox 853 2767 855 2769; x_wconf 79' lang='grc'>’</span> <span class='ocrx_word' id='word_1_251' title='bbox 870 2757 1086 2811; x_wconf 55' lang='lat' dir='ltr'><strong>statuunt5</strong></span> <span class='ocrx_word' id='word_1_252' title='bbox 1119 2757 1169 2799; x_wconf 82' lang='lat' dir='ltr'><strong>ut</strong></span> <span class='ocrx_word' id='word_1_253' title='bbox 1189 2755 1399 2812; x_wconf 84' lang='lat' dir='ltr'><strong>quattuor</strong></span> <span class='ocrx_word' id='word_1_254' title='bbox 1420 2769 1620 2799; x_wconf 88' lang='lat' dir='ltr'><strong>versuum</strong></span> <span class='ocrx_word' id='word_1_255' title='bbox 1641 2755 1783 2812; x_wconf 87' lang='lat' dir='ltr'><strong>parti-</strong></span> 
     </span>
     <span class='ocr_line' id='line_1_36' title="bbox 266 2829 1783 2887; baseline 0 -15"><span class='ocrx_word' id='word_1_256' title='bbox 266 2830 408 2874; x_wconf 86' lang='lat' dir='ltr'><strong>culam</strong></span> <span class='ocrx_word' id='word_1_257' title='bbox 440 2830 777 2874; x_wconf 55' lang='lat' dir='ltr'><strong>nanciscantur„</strong></span> <span class='ocrx_word' id='word_1_258' title='bbox 810 2829 891 2874; x_wconf 85' lang='lat' dir='ltr'><strong>Sed</strong></span> <span class='ocrx_word' id='word_1_259' title='bbox 922 2846 977 2874; x_wconf 91' lang='lat' dir='ltr'><strong>ne</strong></span> <span class='ocrx_word' id='word_1_260' title='bbox 1007 2831 1076 2874; x_wconf 85' lang='lat' dir='ltr'><strong>illi</strong></span> <span class='ocrx_word' id='word_1_261' title='bbox 1106 2830 1279 2887; x_wconf 88' lang='lat' dir='ltr'><strong>quidem</strong></span> <span class='ocrx_word' id='word_1_262' title='bbox 1311 2843 1458 2872; x_wconf 88' lang='lat' dir='ltr'><strong>omnes</strong></span> <span class='ocrx_word' id='word_1_263' title='bbox 1491 2829 1556 2872; x_wconf 87' lang='lat' dir='ltr'><strong>ita</strong></span> <span class='ocrx_word' id='word_1_264' title='bbox 1586 2829 1783 2874; x_wconf 88' lang='lat' dir='ltr'><strong>indicant</strong></span> 
     </span>
    </p>
   </div>
   <div class='ocr_carea' id='block_1_3' title="bbox 265 2902 1781 3001">
    <p class='ocr_par' dir='ltr' id='par_1_7' title="bbox 265 2902 1781 3001">
     <span class='ocr_line' id='line_1_37' title="bbox 265 2902 1781 3001; baseline 0.001 -56"><span class='ocrx_word' id='word_1_265' title='bbox 265 2916 404 2961; x_wconf 88' lang='lat' dir='ltr'><strong>neque</strong></span> <span class='ocrx_word' id='word_1_266' title='bbox 441 2903 628 2948; x_wconf 89' lang='lat' dir='ltr'><strong>multum</strong></span> <span class='ocrx_word' id='word_1_267' title='bbox 665 2902 745 2948; x_wconf 86' lang='lat' dir='ltr'><strong>hac</strong></span> <span class='ocrx_word' id='word_1_268' title='bbox 781 2903 950 2949; x_wconf 85' lang='lat' dir='ltr'><strong>ratione</strong></span> <span class='ocrx_word' id='word_1_269' title='bbox 980 2903 1207 2961; x_wconf 85' lang='lat' dir='ltr'><strong>proficitur</strong></span> <span class='ocrx_word' id='word_1_270' title='bbox 1237 2902 1292 2946; x_wconf 88' lang='lat' dir='ltr'><strong>ad</strong></span> <span class='ocrx_word' id='word_1_271' title='bbox 1323 2905 1572 3001; x_wconf 68' lang='lat' dir='ltr'><strong>accurata2m</strong></span> <span class='ocrx_word' id='word_1_272' title='bbox 1604 2917 1781 2960; x_wconf 85' lang='lat' dir='ltr'><strong>respon-</strong></span> 
     </span>
    </p>
   </div>
  </div>
 </body>
</html>
