2087 3321
1005 213 1062 257 57

284 337 373 379 rius
405 336 589 378 alteram
622 333 835 392 syllabam
867 341 913 377 ta
944 334 1138 392 neglexit
1167 338 1212 377 et
1243 333 1428 391 primam
1453 334 1663 390 syllabam
1686 335 1800 378 vocis

283 409 499 465 requirunt
545 405 675 450 verbo
710 405 987 462 praecedenti
1028 405 1190 460 affixit,
1231 419 1317 464 quo
1356 405 1472 450 facto
1511 419 1589 461 pro
1634 408 1799 462 quirunt

282 480 491 537 scriptum
537 480 605 521 est
651 486 867 535 quaerunt.
936 478 1004 522 Ex
1042 478 1125 522 hac
1161 480 1307 522 autem
1331 476 1569 536 'scri-ptura
1600 477 1801 522 meditare

284 559 502 610 quaerunt,
534 546 644 609 quae
668 551 719 594 in
742 549 782 594 G
813 550 1013 604 habetur,
1045 564 1195 594 verum·
1224 550 1440 608 indagare·
1454 550 1675 595 difficilius
1705 552 1801 594 erat

283 637 412 680 quam
445 625 495 665 ut
529 622 609 667 hoc
646 623 690 665 in
713 622 753 666 D
785 622 1035 667 coniectura
1069 625 1212 666 ortum
1248 637 1340 666 esse
1360 621 1566 668 credibile
1587 622 1799 666 videatur.

282 696 417 739 Poeta
457 695 570 739 enim
604 695 685 739 boe
725 695 818 738 loco
857 695 1036 739 verbum
1066 694 1313 751 requirendi
1344 710 1430 740 non
1461 691 1636 740 usitato‘
1654 695 1803 752 posuit

284 782 408 813 sensu
423 800 434 821 ‚
481 768 555 812 sed
602 767 665 812 ita
711 769 762 810 ut
808 765 866 810 sit
905 766 1069 824 aliquid
1105 781 1304 812 revocare
1340 767 1423 811 sibi
1458 767 1501 811 in
1535 768 1799 812 memoriam.

284 834 434 898 Neque
465 840 591 884 Italis
623 840 825 899 contigit,
865 842 916 883 ut
946 840 1177 897 genuinam
1208 839 1468 897 scripturam
1500 835 1800 886 restituerent:

282 914 349 958 illi
383 913 498 957 enim
531 912 797 970 scripserunt
827 914 1094 956 meditamina
1115 919 1331 969 quaerunt.
1379 911 1512 964 Quod·
1529 909 1676 957 autem
1697 929 1800 972 gra—

286 986 506 1030 vissimum
543 986 623 1037 est,
655 988 905 1043 corruptum
937 985 1046 1029 illud
1066 989 1346 1042 innuptaeque
1364 1001 1392 1030 a
1412 985 1533 1030 nullo
1547 979 1799 1031 'contactum

282 1060 521 1104 correctore
539 1084 542 1088 -
559 1057 690 1102 etiam
715 1057 753 1101 D
784 1058 982 1112 exhibet3
1014 1059 1127 1103 unde
1156 1059 1342 1117 apparet
1372 1071 1511 1115 neque
1538 1057 1800 1102 sententiam

282 1130 481 1175 versiculi
522 1134 565 1174 a?
580 1131 772 1176 codicum
812 1131 1001 1175 librariis
1041 1135 1313 1190 perspectam
1345 1146 1436 1176 esse
1467 1143 1605 1188 neque
1636 1131 1800 1175 exitum

285 1197 536 1263 corruptum
578 1204 635 1249 ab
675 1203 735 1248 eis
771 1204 916 1249 sanari
954 1202 1160 1262 potuisse.
1229 1203 1385 1262 Itaque
1421 1203 1552 1248 etiam
1596 1203 1676 1247 hoc
1707 1204 1801 1248 loco

281 1289 533 1335 persuasum
588 1277 796 1321 habemus
845 1292 991 1321 veram
1038 1278 1298 1333 scripturam
1339 1276 1383 1318 in
1415 1275 1472 1319 V>
1499 1277 1629 1321 fuisse
1667 1280 1712 1321 et
1748 1293 1802 1320 ex

197 1361 200 1364 ·
282 1351 364 1395 hoc
396 1349 509 1394 libro
540 1349 586 1393 in
616 1348 657 1393 D
687 1349 944 1407 pervenisse.
991 1347 1055 1392 At
1085 1349 1219 1394 etiam
1250 1347 1502 1406 corruptum
1534 1344 1643 1393 illud
1663 1350 1800 1393 medi-

284 1430 377 1467 tare
408 1428 613 1480 quaerunt
644 1421 690 1464 in
711 1420 755 1465 V
776 1420 906 1465 fuisse
936 1434 1068 1479 supra
1088 1421 1286 1466 vidimus,
1337 1421 1423 1465 Res
1447 1421 1515 1465 ‘sic
1545 1421 1802 1480 explicanda

281 1499 366 1539 est:
398 1511 495 1540 cum
534 1496 629 1541 veri
659 1496 799 1540 simile
837 1495 896 1539 sit
931 1496 1092 1539 librum
1123 1493 1164 1537 V
1196 1511 1221 1539 a
1261 1495 1442 1540 librario
1473 1495 1679 1540 collatum
1712 1511 1802 1540 esse

285 1582 380 1612 cum
416 1568 502 1613 alio
533 1567 689 1622 codice,
721 1582 807 1612 non
839 1567 930 1612 sine
951 1567 1262 1626 probabilitate
1295 1563 1488 1611 'videmur
1520 1570 1715 1613 statuere
1746 1569 1803 1613 ab

282 1642 364 1686 hoc
409 1641 589 1686 librario
629 1641 888 1699 scripturam
928 1644 1128 1686 meditare
1163 1648 1369 1699 quaerunt
1406 1644 1646 1687 correctam
1689 1657 1801 1688 esse:

281 1729 412 1773 quam
459 1715 766 1761 correctionem
806 1715 867 1769 is,
914 1715 989 1773 qui
1026 1713 1311 1774 archetypum
1349 1714 1515 1760 Datani
1552 1731 1606 1761 ex
1645 1716 1688 1762 V
1727 1716 1802 1761 de-

245 1794 249 1798 '
280 1788 511 1842 scribebat,
545 1790 659 1833 reete
680 1787 912 1843 intellexit,
935 1789 1067 1833 ceteri
1088 1789 1258 1833 librarii
1280 1792 1358 1834 aut
1379 1803 1463 1833 non
1486 1788 1803 1835 intellexerunt

283 1865 362 1906 aut
392 1862 568 1906 omnino
599 1861 898 1920 neglexerunt.

401 1933 615 1979 Carminis
648 1934 707 1979 65
738 1948 888 1980 versus
916 1932 1058 1980 vnonus
1089 1934 1212 1979 abest
1244 1950 1270 1979 a
1302 1933 1341 1978 G
1372 1936 1418 1978 et
1439 1934 1477 1980 Ο
1508 1937 1554 1979 et
1585 1935 1803 1994 plerisque

280 2006 417 2053 libris.
479 2007 533 2053 Iu
572 2008 613 2052 D
661 2011 705 2052 et
745 2008 790 2051 in
833 2008 1028 2053 Parisino
1068 2008 1185 2052 7989
1227 2008 1301 2066 (Ρ1
1350 2008 1465 2066 apud
1504 2005 1801 2066 Schwabium)

281 2079 387 2124 haec
418 2081 655 2126 habentur:

499 2155 703 2212 Alloquor
733 2156 907 2199 audiero
937 2169 1149 2211 nunquam
1180 2161 1253 2198 tua
1437 2156 1679 2211 loquentem.

285 2225 446 2270 Eadem
492 2227 584 2270 sine
631 2227 790 2271 lacuna
830 2229 983 2271 extant
1029 2226 1073 2269 in
1112 2226 1419 2271 Ellisianorum
1465 2242 1553 2272 uno
1598 2227 1673 2285 (c).
1749 2227 1800 2270 In

280 2298 458 2357 reliquis
505 2299 650 2355 libris,
698 2300 773 2359 qui
820 2299 934 2346 hunc
980 2314 1151 2345 versum
1191 2299 1409 2346 exhibent
1448 2299 1523 2359 (cf.
1562 2314 1675 2344 ann.v
1702 2298 1800 2344 crit.

281 2371 440 2432 Ellis),
474 2374 630 2418 lacuna
664 2374 741 2418 illa
773 2372 894 2418 vario
926 2374 1051 2418 modo
1080 2375 1257 2432 expleta
1289 2378 1355 2419 est
1381 2382 1455 2418 tua
1475 2376 1604 2418 verba
1625 2376 1799 2429 loquen-

282 2454 362 2490 tem
393 2449 462 2492 vel
494 2454 568 2491 tua
597 2450 694 2504 fata
725 2450 753 2493 l.
816 2446 914 2492 Viri
945 2448 1061 2493 docti
1091 2447 1169 2492 alii
1200 2448 1513 2506 interpolatum
1543 2446 1801 2492 versiculum

286 2521 460 2576 putant,
498 2519 575 2563 alii
614 2520 670 2564 ab
700 2519 794 2577 ipso
826 2519 1001 2564 Catullo
1031 2515 1284 2577 profectum.
1347 2520 1538 2571 Quorum
1569 2534 1592 2562 e
1622 2534 1803 2563 numero

283 2589 495 2647 copiosius
540 2590 596 2635 de
624 2593 706 2637 hoc
736 2607 862 2637 versu
894 2594 986 2651 egit
1016 2592 1290 2647 Schwubius,
1330 2594 1700 2650 quiquamquam
1732 2608 1801 2639 vv.

282 2663 365 2707 9-—
374 2663 431 2708 14
466 2678 520 2707 ex
549 2663 631 2708 hoc
661 2664 851 2709 carmine
872 2666 1153 2711 removendos
1185 2681 1277 2711 esse
1307 2668 1353 2708 et
1380 2665 1725 2722 transponendos
1757 2666 1801 2709 in

283 2754 321 2784 c.
356 2738 439 2782 101
481 2737 639 2783 iniuria
664 2738 834 2784 -Haasio
871 2739 1105 2794 concessit4
1141 2742 1286 2784 tamen
1324 2740 1384 2784 de
1407 2753 1533 2784 versu
1564 2752 1679 2785 nono
1709 2739 1802 2798 ipso

284 2813 401 2856 reete
433 2810 605 2856 videtur
636 2811 858 2857 iudicasse.
920 2812 964 2856 Is
1003 2812 1115 2856 enim
1148 2812 1192 2856 in
1224 2815 1389 2868 quaest.
1422 2810 1468 2855 C.
1500 2828 1543 2870 p.
1577 2813 1664 2857 277
1696 2812 1802 2857 baec

284 2885 338 2929 de
385 2900 434 2929 eo
473 2884 643 2930 scribit:
692 2900 836 2929 versus
876 2900 1007 2929 nonus
1039 2882 1291 2941 (adloquar)
1327 2888 1370 2929 in
1407 2887 1525 2931 bonis
1556 2887 1800 2943 quibudam
