<?xml version="1.0" encoding="UTF-8"?>
<!DOCTYPE html PUBLIC "-//W3C//DTD XHTML 1.0 Transitional//EN"
    "http://www.w3.org/TR/xhtml1/DTD/xhtml1-transitional.dtd">
<html xmlns="http://www.w3.org/1999/xhtml" xml:lang="en" lang="en">
 <head>
  <title>
</title>
<meta http-equiv="Content-Type" content="text/html;charset=utf-8" />
  <meta name='ocr-system' content='tesseract 3.04.00' />
  <meta name='ocr-capabilities' content='ocr_page ocr_carea ocr_par ocr_line ocrx_word'/>
</head>
<body>
  <div class='ocr_page' id='page_1' title='image "4738128_0020.png"; bbox 0 0 2087 3321; ppageno 0'>
   <div class='ocr_carea' id='block_1_1' title="bbox 273 329 1802 2944">
    <p class='ocr_par' dir='ltr' id='par_1_1' title="bbox 273 329 1802 2944">
     <span class='ocr_line' id='line_1_1' title="bbox 277 329 1796 392; baseline -0.002 -15"><span class='ocrx_word' id='word_1_1' title='bbox 277 331 362 377; x_wconf 86' lang='lat' dir='ltr'><strong>Sed</strong></span> <span class='ocrx_word' id='word_1_2' title='bbox 393 348 491 392; x_wconf 83' lang='lat' dir='ltr'><strong>cum</strong></span> <span class='ocrx_word' id='word_1_3' title='bbox 524 333 636 377; x_wconf 87' lang='lat' dir='ltr'><strong>idem</strong></span> <span class='ocrx_word' id='word_1_4' title='bbox 671 332 848 377; x_wconf 87' lang='lat' dir='ltr'><strong>verbnm</strong></span> <span class='ocrx_word' id='word_1_5' title='bbox 879 332 1013 377; x_wconf 89' lang='lat' dir='ltr'><strong>etiam</strong></span> <span class='ocrx_word' id='word_1_6' title='bbox 1035 332 1209 377; x_wconf 86' lang='lat' dir='ltr'><strong>notione</strong></span> <span class='ocrx_word' id='word_1_7' title='bbox 1230 330 1515 377; x_wconf 84' lang='lat' dir='ltr'><strong>intransitiva·</strong></span> <span class='ocrx_word' id='word_1_8' title='bbox 1533 345 1613 376; x_wconf 79' lang='lat' dir='ltr'><strong>usu</strong></span> <span class='ocrx_word' id='word_1_9' title='bbox 1635 329 1796 384; x_wconf 70' lang='lat' dir='ltr'><strong>veniat,</strong></span> 
     </span>
     <span class='ocr_line' id='line_1_2' title="bbox 277 404 758 456; baseline -0.008 -6"><span class='ocrx_word' id='word_1_10' title='bbox 277 404 376 450; x_wconf 85' lang='lat' dir='ltr'>Ter.</span> <span class='ocrx_word' id='word_1_11' title='bbox 411 405 522 450; x_wconf 87' lang='lat' dir='ltr'><strong>Eun.</strong></span> <span class='ocrx_word' id='word_1_12' title='bbox 555 405 601 448; x_wconf 91' lang='grc' dir='ltr'><strong>ΙΙ</strong></span> <span class='ocrx_word' id='word_1_13' title='bbox 635 404 758 456; x_wconf 88' lang='lat'><strong>1,11:</strong></span> 
     </span>
     <span class='ocr_line' id='line_1_3' title="bbox 1078 476 1798 533; baseline -0.001 -13"><span class='ocrx_word' id='word_1_14' title='bbox 1078 476 1235 521; x_wconf 73' lang='lat' dir='ltr'><strong>Censen</strong></span> <span class='ocrx_word' id='word_1_15' title='bbox 1263 490 1388 532; x_wconf 72' lang='lat' dir='ltr'><strong>posse</strong></span> <span class='ocrx_word' id='word_1_16' title='bbox 1418 491 1483 521; x_wconf 80' lang='lat' dir='ltr'><strong>me</strong></span> <span class='ocrx_word' id='word_1_17' title='bbox 1513 479 1728 533; x_wconf 70' lang='lat' dir='ltr'><strong>offirmare</strong></span> <span class='ocrx_word' id='word_1_18' title='bbox 1759 482 1798 520; x_wconf 78' lang='lat' dir='ltr'><strong>et</strong></span> 
     </span>
     <span class='ocr_line' id='line_1_4' title="bbox 496 550 1645 606; baseline -0.002 -13"><span class='ocrx_word' id='word_1_19' title='bbox 496 551 678 606; x_wconf 71' lang='lat' dir='ltr'><strong>perpeti,</strong></span> <span class='ocrx_word' id='word_1_20' title='bbox 709 564 760 593; x_wconf 78' lang='lat' dir='ltr'><strong>ne</strong></span> <span class='ocrx_word' id='word_1_21' title='bbox 792 550 961 593; x_wconf 80' lang='lat' dir='ltr'><strong><em>redeam</em></strong></span> <span class='ocrx_word' id='word_1_22' title='bbox 991 551 1183 592; x_wconf 68' lang='lat' dir='ltr'><strong>interea?</strong></span> <span class='ocrx_word' id='word_1_23' title='bbox 1238 554 1240 556; x_wconf 76' lang='grc'><strong><em>’</em></strong></span> <span class='ocrx_word' id='word_1_24' title='bbox 1410 554 1412 556; x_wconf 80' lang='grc'><strong>’</strong></span> <span class='ocrx_word' id='word_1_25' title='bbox 1642 555 1645 558; x_wconf 82' lang='grc'><strong>“</strong></span> 
     </span>
     <span class='ocr_line' id='line_1_5' title="bbox 279 620 1799 679; baseline -0.001 -11"><span class='ocrx_word' id='word_1_26' title='bbox 279 640 363 669; x_wconf 91' lang='lat' dir='ltr'><strong>non</strong></span> <span class='ocrx_word' id='word_1_27' title='bbox 395 624 574 667; x_wconf 88' lang='lat' dir='ltr'><strong>dubium</strong></span> <span class='ocrx_word' id='word_1_28' title='bbox 615 621 805 675; x_wconf 89' lang='lat' dir='ltr'><strong>videtur,</strong></span> <span class='ocrx_word' id='word_1_29' title='bbox 849 623 954 678; x_wconf 91' lang='lat' dir='ltr'><strong>quin</strong></span> <span class='ocrx_word' id='word_1_30' title='bbox 989 625 1103 666; x_wconf 84' lang='lat' dir='ltr'><strong>recte</strong></span> <span class='ocrx_word' id='word_1_31' title='bbox 1133 621 1218 666; x_wconf 81' lang='lat' dir='ltr'><strong>dici</strong></span> <span class='ocrx_word' id='word_1_32' title='bbox 1248 620 1384 677; x_wconf 80' lang='lat' dir='ltr'><strong>possit</strong></span> <span class='ocrx_word' id='word_1_33' title='bbox 1414 624 1554 665; x_wconf 68' lang='lat' dir='ltr'><strong>aniam</strong></span> <span class='ocrx_word' id='word_1_34' title='bbox 1584 625 1799 679; x_wconf 78' lang='lat' dir='ltr'><strong>offirmare</strong></span> 
     </span>
     <span class='ocr_line' id='line_1_6' title="bbox 279 691 1799 743; baseline -0.001 -2"><span class='ocrx_word' id='word_1_35' title='bbox 279 697 322 743; x_wconf 88' lang='lat' dir='ltr'><strong>h.</strong></span> <span class='ocrx_word' id='word_1_36' title='bbox 356 712 391 743; x_wconf 87' lang='lat' dir='ltr'><strong>e.</strong></span> <span class='ocrx_word' id='word_1_37' title='bbox 425 698 513 741; x_wconf 73' lang='lat' dir='ltr'><strong>sich</strong></span> <span class='ocrx_word' id='word_1_38' title='bbox 544 697 588 740; x_wconf 80' lang='lat' dir='ltr'><strong>in</strong></span> <span class='ocrx_word' id='word_1_39' title='bbox 618 697 771 739; x_wconf 71' lang='lat' dir='ltr'><strong>seinem</strong></span> <span class='ocrx_word' id='word_1_40' title='bbox 804 697 970 740; x_wconf 71' lang='lat' dir='ltr'><strong>Gemina</strong></span> <span class='ocrx_word' id='word_1_41' title='bbox 1001 696 1236 740; x_wconf 72' lang='lat' dir='ltr'><strong>verhdrten.</strong></span> <span class='ocrx_word' id='word_1_42' title='bbox 1284 691 1402 738; x_wconf 89' lang='lat' dir='ltr'>Idem</span> <span class='ocrx_word' id='word_1_43' title='bbox 1435 692 1723 741; x_wconf 78' lang='lat' dir='ltr'><strong>Baehrensins</strong></span> <span class='ocrx_word' id='word_1_44' title='bbox 1754 695 1799 740; x_wconf 88' lang='lat' dir='ltr'><strong>in</strong></span> 
     </span>
     <span class='ocr_line' id='line_1_7' title="bbox 277 766 1800 824; baseline 0.001 -13"><span class='ocrx_word' id='word_1_45' title='bbox 277 769 402 813; x_wconf 87' lang='lat' dir='ltr'><strong>initio</strong></span> <span class='ocrx_word' id='word_1_46' title='bbox 448 768 650 813; x_wconf 85' lang='lat' dir='ltr'><strong>versiculi</strong></span> <span class='ocrx_word' id='word_1_47' title='bbox 695 768 852 824; x_wconf 85' lang='lat' dir='ltr'><strong>prioris</strong></span> <span class='ocrx_word' id='word_1_48' title='bbox 897 783 975 824; x_wconf 88' lang='lat' dir='ltr'><strong>pro</strong></span> <span class='ocrx_word' id='word_1_49' title='bbox 1015 771 1113 824; x_wconf 78' lang='lat' dir='ltr'><strong>quin</strong></span> <span class='ocrx_word' id='word_1_50' title='bbox 1159 766 1334 824; x_wconf 83' lang='lat' dir='ltr'><strong>scripsit</strong></span> <span class='ocrx_word' id='word_1_51' title='bbox 1372 768 1538 823; x_wconf 75' lang='lat' dir='ltr'><strong>quidni,</strong></span> <span class='ocrx_word' id='word_1_52' title='bbox 1582 768 1701 824; x_wconf 83' lang='lat' dir='ltr'><strong>quod</strong></span> <span class='ocrx_word' id='word_1_53' title='bbox 1746 783 1800 812; x_wconf 86' lang='lat' dir='ltr'><strong>ex</strong></span> 
     </span>
     <span class='ocr_line' id='line_1_8' title="bbox 276 839 1799 899; baseline 0 -13"><span class='ocrx_word' id='word_1_54' title='bbox 276 842 496 899; x_wconf 87' lang='lat' dir='ltr'><strong>scriptura</strong></span> <span class='ocrx_word' id='word_1_55' title='bbox 525 841 722 885; x_wconf 86' lang='lat' dir='ltr'><strong>codicum</strong></span> <span class='ocrx_word' id='word_1_56' title='bbox 754 856 922 896; x_wconf 88' lang='lat' dir='ltr'><strong>eorum,</strong></span> <span class='ocrx_word' id='word_1_57' title='bbox 961 855 1069 897; x_wconf 88' lang='lat' dir='ltr'><strong>qnos</strong></span> <span class='ocrx_word' id='word_1_58' title='bbox 1099 841 1176 885; x_wconf 91' lang='lat' dir='ltr'><strong>ille</strong></span> <span class='ocrx_word' id='word_1_59' title='bbox 1208 840 1321 884; x_wconf 82' lang='lat' dir='ltr'><strong>solos</strong></span> <span class='ocrx_word' id='word_1_60' title='bbox 1351 840 1395 884; x_wconf 92' lang='lat' dir='ltr'><strong>in</strong></span> <span class='ocrx_word' id='word_1_61' title='bbox 1427 839 1527 884; x_wconf 85' lang='lat' dir='ltr'><strong>crisi</strong></span> <span class='ocrx_word' id='word_1_62' title='bbox 1558 839 1799 886; x_wconf 88' lang='lat' dir='ltr'><strong>factitanda</strong></span> 
     </span>
     <span class='ocr_line' id='line_1_9' title="bbox 275 912 1798 972; baseline -0.001 -14"><span class='ocrx_word' id='word_1_63' title='bbox 275 914 564 972; x_wconf 81' lang='lat' dir='ltr'>respiciendos</span> <span class='ocrx_word' id='word_1_64' title='bbox 604 916 736 970; x_wconf 87' lang='lat' dir='ltr'><strong>putat</strong></span> <span class='ocrx_word' id='word_1_65' title='bbox 767 913 805 957; x_wconf 89' lang='lat' dir='ltr'>G</span> <span class='ocrx_word' id='word_1_66' title='bbox 837 918 882 957; x_wconf 86' lang='lat' dir='ltr'><strong>et</strong></span> <span class='ocrx_word' id='word_1_67' title='bbox 912 913 950 958; x_wconf 89' lang='lat' dir='ltr'>O</span> <span class='ocrx_word' id='word_1_68' title='bbox 984 938 1037 945; x_wconf 93' lang='lat'>—</span> <span class='ocrx_word' id='word_1_69' title='bbox 1074 913 1114 957; x_wconf 92' lang='lat' dir='ltr'><strong>ei</strong></span> <span class='ocrx_word' id='word_1_70' title='bbox 1152 915 1278 969; x_wconf 27' lang='lat' dir='ltr'><strong>enim·</strong></span> <span class='ocrx_word' id='word_1_71' title='bbox 1308 915 1380 970; x_wconf 70' lang='grc' dir='ltr'><strong>φη·</strong></span> <span class='ocrx_word' id='word_1_72' title='bbox 1410 916 1471 957; x_wconf 76' lang='lat' dir='ltr'><strong>tui</strong></span> <span class='ocrx_word' id='word_1_73' title='bbox 1501 912 1721 967; x_wconf 73' lang='lat' dir='ltr'>exhibent,</span> <span class='ocrx_word' id='word_1_74' title='bbox 1757 913 1798 957; x_wconf 94' lang='lat' dir='ltr'>D</span> 
     </span>
     <span class='ocr_line' id='line_1_10' title="bbox 277 985 1799 1044; baseline -0.002 -12"><span class='ocrx_word' id='word_1_75' title='bbox 277 991 322 1032; x_wconf 91' lang='lat' dir='ltr'><strong>et</strong></span> <span class='ocrx_word' id='word_1_76' title='bbox 353 987 389 1032; x_wconf 92' lang='lat' dir='ltr'>L</span> <span class='ocrx_word' id='word_1_77' title='bbox 421 990 492 1044; x_wconf 79' lang='lat' dir='ltr'><strong>qui</strong></span> <span class='ocrx_word' id='word_1_78' title='bbox 522 994 566 1030; x_wconf 78' lang='lat' dir='ltr'><strong>tu</strong></span> <span class='ocrx_word' id='word_1_79' title='bbox 600 1012 656 1019; x_wconf 91' lang='lat'><strong>—-</strong></span> <span class='ocrx_word' id='word_1_80' title='bbox 688 986 884 1043; x_wconf 85' lang='lat' dir='ltr'><strong>cupidius</strong></span> <span class='ocrx_word' id='word_1_81' title='bbox 923 986 1085 1030; x_wconf 87' lang='lat' dir='ltr'><strong>elicuit.</strong></span> <span class='ocrx_word' id='word_1_82' title='bbox 1154 987 1308 1039; x_wconf 69' lang='lat' dir='ltr'><strong>Quidni</strong></span> <span class='ocrx_word' id='word_1_83' title='bbox 1346 986 1459 1030; x_wconf 87' lang='lat' dir='ltr'><strong>enim</strong></span> <span class='ocrx_word' id='word_1_84' title='bbox 1500 1000 1583 1030; x_wconf 88' lang='lat' dir='ltr'><strong>non</strong></span> <span class='ocrx_word' id='word_1_85' title='bbox 1622 985 1799 1043; x_wconf 87' lang='lat' dir='ltr'><strong>ponitur</strong></span> 
     </span>
     <span class='ocr_line' id='line_1_11' title="bbox 276 1056 1798 1116; baseline -0.002 -12"><span class='ocrx_word' id='word_1_86' title='bbox 276 1061 362 1104; x_wconf 88' lang='lat' dir='ltr'><strong>nisi</strong></span> <span class='ocrx_word' id='word_1_87' title='bbox 398 1062 606 1116; x_wconf 85' lang='lat' dir='ltr'><strong>sequente</strong></span> <span class='ocrx_word' id='word_1_88' title='bbox 644 1059 780 1103; x_wconf 89' lang='lat' dir='ltr'><strong>modo·</strong></span> <span class='ocrx_word' id='word_1_89' title='bbox 809 1059 1083 1115; x_wconf 84' lang='lat' dir='ltr'><strong>coniunctivo</strong></span> <span class='ocrx_word' id='word_1_90' title='bbox 1123 1061 1168 1103; x_wconf 93' lang='lat' dir='ltr'><strong>et</strong></span> <span class='ocrx_word' id='word_1_91' title='bbox 1207 1060 1274 1101; x_wconf 88' lang='lat' dir='ltr'><strong>est</strong></span> <span class='ocrx_word' id='word_1_92' title='bbox 1313 1056 1476 1101; x_wconf 90' lang='lat' dir='ltr'><strong>ironice</strong></span> <span class='ocrx_word' id='word_1_93' title='bbox 1513 1057 1798 1110; x_wconf 86' lang='lat' dir='ltr'><strong>affirmantis;</strong></span> 
     </span>
     <span class='ocr_line' id='line_1_12' title="bbox 278 1128 1800 1189; baseline -0.001 -12"><span class='ocrx_word' id='word_1_94' title='bbox 278 1133 378 1177; x_wconf 91' lang='lat' dir='ltr'><strong>huic</strong></span> <span class='ocrx_word' id='word_1_95' title='bbox 417 1128 511 1177; x_wconf 81' lang='lat' dir='ltr'><strong>loce</strong></span> <span class='ocrx_word' id='word_1_96' title='bbox 553 1131 678 1176; x_wconf 88' lang='lat' dir='ltr'><strong>unice</strong></span> <span class='ocrx_word' id='word_1_97' title='bbox 717 1132 918 1176; x_wconf 87' lang='lat' dir='ltr'><strong>convenit</strong></span> <span class='ocrx_word' id='word_1_98' title='bbox 950 1135 1062 1188; x_wconf 77' lang='lat' dir='ltr'><strong>quin,</strong></span> <span class='ocrx_word' id='word_1_99' title='bbox 1102 1147 1187 1189; x_wconf 88' lang='lat' dir='ltr'><strong>qno</strong></span> <span class='ocrx_word' id='word_1_100' title='bbox 1219 1133 1426 1188; x_wconf 84' lang='lat' dir='ltr'><strong>sequente</strong></span> <span class='ocrx_word' id='word_1_101' title='bbox 1457 1133 1535 1175; x_wconf 89' lang='lat' dir='ltr'><strong>aut</strong></span> <span class='ocrx_word' id='word_1_102' title='bbox 1565 1131 1800 1176; x_wconf 85' lang='lat' dir='ltr'><strong>indicativo</strong></span> 
     </span>
     <span class='ocr_line' id='line_1_13' title="bbox 276 1202 1799 1265; baseline -0.001 -15"><span class='ocrx_word' id='word_1_103' title='bbox 276 1207 355 1250; x_wconf 89' lang='lat' dir='ltr'><strong>aut</strong></span> <span class='ocrx_word' id='word_1_104' title='bbox 386 1204 644 1262; x_wconf 82' lang='lat' dir='ltr'><strong>imperativo</strong></span> <span class='ocrx_word' id='word_1_105' title='bbox 667 1202 894 1249; x_wconf 79' lang='lat' dir='ltr'><strong>hortantes</strong></span> <span class='ocrx_word' id='word_1_106' title='bbox 916 1207 962 1249; x_wconf 86' lang='lat' dir='ltr'><strong>et</strong></span> <span class='ocrx_word' id='word_1_107' title='bbox 991 1205 1251 1265; x_wconf 77' lang='lat' dir='ltr'><strong>instigantes</strong></span> <span class='ocrx_word' id='word_1_108' title='bbox 1273 1205 1473 1249; x_wconf 85' lang='lat' dir='ltr'><strong>utuntur.</strong></span> <span class='ocrx_word' id='word_1_109' title='bbox 1520 1202 1628 1248; x_wconf 85' lang='lat' dir='ltr'><strong>Inde</strong></span> <span class='ocrx_word' id='word_1_110' title='bbox 1648 1203 1799 1264; x_wconf 80' lang='lat' dir='ltr'><strong>igitur,</strong></span> 
     </span>
     <span class='ocr_line' id='line_1_14' title="bbox 276 1276 1800 1335; baseline 0 -14"><span class='ocrx_word' id='word_1_111' title='bbox 276 1279 391 1335; x_wconf 89' lang='lat' dir='ltr'><strong>quod</strong></span> <span class='ocrx_word' id='word_1_112' title='bbox 423 1277 459 1321; x_wconf 91' lang='lat' dir='ltr'><strong>G</strong></span> <span class='ocrx_word' id='word_1_113' title='bbox 494 1282 538 1322; x_wconf 89' lang='lat' dir='ltr'><strong>et</strong></span> <span class='ocrx_word' id='word_1_114' title='bbox 570 1276 608 1321; x_wconf 89' lang='lat' dir='ltr'>O</span> <span class='ocrx_word' id='word_1_115' title='bbox 641 1279 712 1333; x_wconf 79' lang='lat' dir='ltr'><strong>qm·</strong></span> <span class='ocrx_word' id='word_1_116' title='bbox 743 1279 804 1332; x_wconf 68' lang='lat' dir='ltr'><strong>tui</strong></span> <span class='ocrx_word' id='word_1_117' title='bbox 835 1277 1061 1332; x_wconf 85' lang='lat' dir='ltr'><strong>exhibent,</strong></span> <span class='ocrx_word' id='word_1_118' title='bbox 1102 1293 1187 1322; x_wconf 90' lang='lat' dir='ltr'><strong>non</strong></span> <span class='ocrx_word' id='word_1_119' title='bbox 1226 1278 1397 1321; x_wconf 83' lang='lat' dir='ltr'><strong>videtur</strong></span> <span class='ocrx_word' id='word_1_120' title='bbox 1436 1276 1601 1334; x_wconf 86' lang='lat' dir='ltr'><strong>aliquid</strong></span> <span class='ocrx_word' id='word_1_121' title='bbox 1633 1277 1800 1321; x_wconf 79' lang='lat' dir='ltr'><strong>fructus</strong></span> 
     </span>
     <span class='ocr_line' id='line_1_15' title="bbox 280 1349 1800 1408; baseline -0.001 -12"><span class='ocrx_word' id='word_1_122' title='bbox 280 1350 378 1408; x_wconf 88' lang='lat' dir='ltr'><strong>capi</strong></span> <span class='ocrx_word' id='word_1_123' title='bbox 409 1366 532 1407; x_wconf 87' lang='lat' dir='ltr'><strong>posse</strong></span> <span class='ocrx_word' id='word_1_124' title='bbox 564 1365 703 1407; x_wconf 88' lang='lat' dir='ltr'><strong>neque</strong></span> <span class='ocrx_word' id='word_1_125' title='bbox 734 1349 788 1394; x_wconf 86' lang='lat' dir='ltr'><strong>ad</strong></span> <span class='ocrx_word' id='word_1_126' title='bbox 819 1350 1170 1395; x_wconf 88' lang='lat' dir='ltr'><strong>constituendum</strong></span> <span class='ocrx_word' id='word_1_127' title='bbox 1202 1354 1372 1395; x_wconf 86' lang='lat' dir='ltr'><strong>textum</strong></span> <span class='ocrx_word' id='word_1_128' title='bbox 1398 1354 1553 1406; x_wconf 86' lang='lat' dir='ltr'><strong>poetae</strong></span> <span class='ocrx_word' id='word_1_129' title='bbox 1578 1365 1719 1407; x_wconf 87' lang='lat' dir='ltr'><strong>neque</strong></span> <span class='ocrx_word' id='word_1_130' title='bbox 1746 1351 1800 1394; x_wconf 85' lang='lat' dir='ltr'><strong>ad</strong></span> 
     </span>
     <span class='ocr_line' id='line_1_16' title="bbox 277 1421 1800 1479; baseline -0.003 -11"><span class='ocrx_word' id='word_1_131' title='bbox 277 1424 593 1468; x_wconf 80' lang='lat' dir='ltr'><strong>aestimandam</strong></span> <span class='ocrx_word' id='word_1_132' title='bbox 616 1422 810 1466; x_wconf 85' lang='lat' dir='ltr'><strong>codicum</strong></span> <span class='ocrx_word' id='word_1_133' title='bbox 832 1422 1007 1466; x_wconf 89' lang='lat' dir='ltr'><strong>illorum</strong></span> <span class='ocrx_word' id='word_1_134' title='bbox 1030 1422 1352 1467; x_wconf 85' lang='lat' dir='ltr'><strong>auctoritatem.</strong></span> <span class='ocrx_word' id='word_1_135' title='bbox 1402 1421 1600 1479; x_wconf 88' lang='lat' dir='ltr'><strong>Denique</strong></span> <span class='ocrx_word' id='word_1_136' title='bbox 1621 1436 1800 1465; x_wconf 88' lang='lat' dir='ltr'><strong>monen-</strong></span> 
     </span>
     <span class='ocr_line' id='line_1_17' title="bbox 277 1494 1799 1552; baseline -0.001 -13"><span class='ocrx_word' id='word_1_137' title='bbox 277 1497 378 1540; x_wconf 88' lang='lat' dir='ltr'><strong>dum</strong></span> <span class='ocrx_word' id='word_1_138' title='bbox 420 1499 488 1539; x_wconf 89' lang='lat' dir='ltr'><strong>est</strong></span> <span class='ocrx_word' id='word_1_139' title='bbox 526 1496 659 1540; x_wconf 87' lang='lat' dir='ltr'><strong>verba</strong></span> <span class='ocrx_word' id='word_1_140' title='bbox 698 1497 819 1552; x_wconf 69' lang='lat' dir='ltr'><strong>istinc</strong></span> <span class='ocrx_word' id='word_1_141' title='bbox 850 1502 969 1551; x_wconf 78' lang='lat' dir='ltr'><strong>teque</strong></span> <span class='ocrx_word' id='word_1_142' title='bbox 1000 1496 1180 1540; x_wconf 85' lang='lat' dir='ltr'><strong>inventa</strong></span> <span class='ocrx_word' id='word_1_143' title='bbox 1212 1510 1303 1539; x_wconf 87' lang='lat' dir='ltr'><strong>esse</strong></span> <span class='ocrx_word' id='word_1_144' title='bbox 1335 1495 1506 1539; x_wconf 89' lang='lat' dir='ltr'><strong>Heinsii</strong></span> <span class='ocrx_word' id='word_1_145' title='bbox 1537 1494 1799 1547; x_wconf 86' lang='lat' dir='ltr'><strong>coniectura,</strong></span> 
     </span>
     <span class='ocr_line' id='line_1_18' title="bbox 274 1566 1798 1620; baseline -0.002 -6"><span class='ocrx_word' id='word_1_146' title='bbox 274 1570 349 1614; x_wconf 88' lang='lat' dir='ltr'><strong>sed</strong></span> <span class='ocrx_word' id='word_1_147' title='bbox 389 1568 440 1612; x_wconf 90' lang='lat' dir='ltr'><strong>de</strong></span> <span class='ocrx_word' id='word_1_148' title='bbox 479 1568 600 1613; x_wconf 88' lang='lat' dir='ltr'><strong>cuius</strong></span> <span class='ocrx_word' id='word_1_149' title='bbox 641 1566 828 1612; x_wconf 85' lang='lat' dir='ltr'><strong>veritate</strong></span> <span class='ocrx_word' id='word_1_150' title='bbox 867 1567 1058 1613; x_wconf 88' lang='lat' dir='ltr'><strong>dubitari</strong></span> <span class='ocrx_word' id='word_1_151' title='bbox 1099 1584 1182 1613; x_wconf 92' lang='lat' dir='ltr'><strong>non</strong></span> <span class='ocrx_word' id='word_1_152' title='bbox 1222 1568 1399 1620; x_wconf 86' lang='lat' dir='ltr'><strong>debeat;</strong></span> <span class='ocrx_word' id='word_1_153' title='bbox 1448 1567 1549 1612; x_wconf 88' lang='lat' dir='ltr'><strong>libri</strong></span> <span class='ocrx_word' id='word_1_154' title='bbox 1589 1567 1730 1612; x_wconf 86' lang='lat' dir='ltr'><strong>codice</strong></span> <span class='ocrx_word' id='word_1_155' title='bbox 1761 1566 1798 1611; x_wconf 83' lang='lat' dir='ltr'>G</span> 
     </span>
     <span class='ocr_line' id='line_1_19' title="bbox 275 1639 1800 1700; baseline -0.003 -10"><span class='ocrx_word' id='word_1_156' title='bbox 275 1657 362 1690; x_wconf 87' lang='lat' dir='ltr'><strong>non</strong></span> <span class='ocrx_word' id='word_1_157' title='bbox 403 1643 583 1698; x_wconf 84' lang='lat' dir='ltr'><strong>excepto</strong></span> <span class='ocrx_word' id='word_1_158' title='bbox 621 1643 893 1698; x_wconf 68' lang='lat' dir='ltr'><strong>instinc-toque</strong></span> <span class='ocrx_word' id='word_1_159' title='bbox 935 1642 1002 1686; x_wconf 86' lang='lat' dir='ltr'><strong>vel</strong></span> <span class='ocrx_word' id='word_1_160' title='bbox 1042 1643 1147 1688; x_wconf 86' lang='lat' dir='ltr'><strong>adeo</strong></span> <span class='ocrx_word' id='word_1_161' title='bbox 1186 1641 1334 1700; x_wconf 87' lang='lat' dir='ltr'><strong>peiora</strong></span> <span class='ocrx_word' id='word_1_162' title='bbox 1372 1641 1602 1699; x_wconf 82' lang='lat' dir='ltr'><strong>praebent,</strong></span> <span class='ocrx_word' id='word_1_163' title='bbox 1650 1640 1724 1685; x_wconf 85' lang='lat' dir='ltr'><strong>sed</strong></span> <span class='ocrx_word' id='word_1_164' title='bbox 1762 1639 1800 1686; x_wconf 92' lang='grc' dir='ltr'><strong>Ο</strong></span> 
     </span>
     <span class='ocr_line' id='line_1_20' title="bbox 276 1713 1615 1772; baseline 0 -12"><span class='ocrx_word' id='word_1_165' title='bbox 276 1716 412 1761; x_wconf 85' lang='lat' dir='ltr'><strong>habet</strong></span> <span class='ocrx_word' id='word_1_166' title='bbox 442 1718 734 1772; x_wconf 67' lang='lat' dir='ltr'><strong>imcincteque,</strong></span> <span class='ocrx_word' id='word_1_167' title='bbox 759 1729 844 1771; x_wconf 87' lang='lat' dir='ltr'><strong>quo</strong></span> <span class='ocrx_word' id='word_1_168' title='bbox 875 1713 1044 1759; x_wconf 88' lang='lat' dir='ltr'><strong>Heinsii</strong></span> <span class='ocrx_word' id='word_1_169' title='bbox 1075 1718 1368 1759; x_wconf 88' lang='lat' dir='ltr'><strong>commentum</strong></span> <span class='ocrx_word' id='word_1_170' title='bbox 1399 1714 1615 1760; x_wconf 84' lang='lat' dir='ltr'><strong>firmatur.</strong></span> 
     </span>
     <span class='ocr_line' id='line_1_21' title="bbox 398 1786 1800 1847; baseline -0.001 -15"><span class='ocrx_word' id='word_1_171' title='bbox 398 1788 581 1847; x_wconf 81' lang='lat' dir='ltr'><strong>Egimus</strong></span> <span class='ocrx_word' id='word_1_172' title='bbox 612 1787 754 1831; x_wconf 86' lang='lat' dir='ltr'><strong>adhuc</strong></span> <span class='ocrx_word' id='word_1_173' title='bbox 786 1787 839 1830; x_wconf 91' lang='lat' dir='ltr'><strong>de</strong></span> <span class='ocrx_word' id='word_1_174' title='bbox 871 1787 1032 1844; x_wconf 84' lang='lat' dir='ltr'><strong>viginti</strong></span> <span class='ocrx_word' id='word_1_175' title='bbox 1062 1787 1203 1830; x_wconf 85' lang='lat' dir='ltr'><strong>tribus</strong></span> <span class='ocrx_word' id='word_1_176' title='bbox 1235 1787 1352 1840; x_wconf 87' lang='lat' dir='ltr'><strong>locis,</strong></span> <span class='ocrx_word' id='word_1_177' title='bbox 1386 1787 1542 1844; x_wconf 88' lang='lat' dir='ltr'><strong>quibus</strong></span> <span class='ocrx_word' id='word_1_178' title='bbox 1573 1786 1730 1831; x_wconf 86' lang='lat' dir='ltr'><strong>codicis</strong></span> <span class='ocrx_word' id='word_1_179' title='bbox 1762 1786 1800 1830; x_wconf 94' lang='lat' dir='ltr'><strong>G</strong></span> 
     </span>
     <span class='ocr_line' id='line_1_22' title="bbox 275 1859 1801 1919; baseline -0.001 -14"><span class='ocrx_word' id='word_1_180' title='bbox 275 1861 492 1919; x_wconf 84' lang='lat' dir='ltr'><strong>scriptura</strong></span> <span class='ocrx_word' id='word_1_181' title='bbox 532 1859 802 1905; x_wconf 88' lang='lat' dir='ltr'><strong>Lachmanni</strong></span> <span class='ocrx_word' id='word_1_182' title='bbox 841 1860 965 1904; x_wconf 86' lang='lat' dir='ltr'><strong>libris</strong></span> <span class='ocrx_word' id='word_1_183' title='bbox 1006 1862 1217 1917; x_wconf 82' lang='lat' dir='ltr'><strong>praestat.</strong></span> <span class='ocrx_word' id='word_1_184' title='bbox 1287 1859 1343 1905; x_wconf 88' lang='lat' dir='ltr'><strong>In</strong></span> <span class='ocrx_word' id='word_1_185' title='bbox 1383 1859 1451 1904; x_wconf 82' lang='lat' dir='ltr'><strong>his</strong></span> <span class='ocrx_word' id='word_1_186' title='bbox 1493 1859 1578 1904; x_wconf 85' lang='lat' dir='ltr'><strong>duo</strong></span> <span class='ocrx_word' id='word_1_187' title='bbox 1625 1861 1801 1905; x_wconf 84' lang='lat' dir='ltr'><strong>tantum</strong></span> 
     </span>
     <span class='ocr_line' id='line_1_23' title="bbox 276 1931 1801 1991; baseline -0.001 -12"><span class='ocrx_word' id='word_1_188' title='bbox 276 1937 452 1988; x_wconf 85' lang='lat' dir='ltr'><strong>extant,</strong></span> <span class='ocrx_word' id='word_1_189' title='bbox 502 1947 608 1990; x_wconf 88' lang='lat' dir='ltr'><strong>quos</strong></span> <span class='ocrx_word' id='word_1_190' title='bbox 654 1936 870 1977; x_wconf 85' lang='lat' dir='ltr'><strong>extremos</strong></span> <span class='ocrx_word' id='word_1_191' title='bbox 908 1932 1212 1986; x_wconf 84' lang='lat' dir='ltr'><strong>tractavimus,</strong></span> <span class='ocrx_word' id='word_1_192' title='bbox 1260 1933 1418 1991; x_wconf 86' lang='lat' dir='ltr'><strong>quibus</strong></span> <span class='ocrx_word' id='word_1_193' title='bbox 1466 1948 1492 1977; x_wconf 88' lang='lat' dir='ltr'><strong>a</strong></span> <span class='ocrx_word' id='word_1_194' title='bbox 1530 1931 1801 1984; x_wconf 84' lang='lat' dir='ltr'><strong>Lachmanni</strong></span> 
     </span>
     <span class='ocr_line' id='line_1_24' title="bbox 277 2005 1800 2063; baseline -0.001 -12"><span class='ocrx_word' id='word_1_195' title='bbox 277 2010 403 2051; x_wconf 84' lang='lat' dir='ltr'><strong>textu</strong></span> <span class='ocrx_word' id='word_1_196' title='bbox 437 2005 720 2051; x_wconf 86' lang='lat' dir='ltr'><strong>recedendum</strong></span> <span class='ocrx_word' id='word_1_197' title='bbox 752 2006 994 2052; x_wconf 87' lang='lat' dir='ltr'><strong>videbatur.</strong></span> <span class='ocrx_word' id='word_1_198' title='bbox 1043 2005 1193 2063; x_wconf 82' lang='lat' dir='ltr'><strong>Atque</strong></span> <span class='ocrx_word' id='word_1_199' title='bbox 1225 2006 1293 2051; x_wconf 89' lang='lat' dir='ltr'><strong>his</strong></span> <span class='ocrx_word' id='word_1_200' title='bbox 1325 2007 1429 2051; x_wconf 86' lang='lat' dir='ltr'><strong>locis</strong></span> <span class='ocrx_word' id='word_1_201' title='bbox 1461 2020 1563 2051; x_wconf 85' lang='lat' dir='ltr'><strong>vera</strong></span> <span class='ocrx_word' id='word_1_202' title='bbox 1584 2005 1800 2063; x_wconf 85' lang='lat' dir='ltr'><strong>scriptura</strong></span> 
     </span>
     <span class='ocr_line' id='line_1_25' title="bbox 275 2078 1800 2138; baseline -0.001 -14"><span class='ocrx_word' id='word_1_203' title='bbox 275 2081 363 2125; x_wconf 91' lang='lat' dir='ltr'><strong>iam</strong></span> <span class='ocrx_word' id='word_1_204' title='bbox 394 2081 498 2124; x_wconf 87' lang='lat' dir='ltr'><strong>ante</strong></span> <span class='ocrx_word' id='word_1_205' title='bbox 520 2079 707 2124; x_wconf 79' lang='lat' dir='ltr'><strong>codicem</strong></span> <span class='ocrx_word' id='word_1_206' title='bbox 730 2078 769 2123; x_wconf 87' lang='lat' dir='ltr'><strong>G</strong></span> <span class='ocrx_word' id='word_1_207' title='bbox 792 2083 1012 2138; x_wconf 87' lang='lat' dir='ltr'><strong>repertum</strong></span> <span class='ocrx_word' id='word_1_208' title='bbox 1039 2080 1095 2124; x_wconf 91' lang='lat' dir='ltr'><strong>ab</strong></span> <span class='ocrx_word' id='word_1_209' title='bbox 1116 2079 1214 2124; x_wconf 86' lang='lat' dir='ltr'><strong>aliis</strong></span> <span class='ocrx_word' id='word_1_210' title='bbox 1235 2080 1342 2125; x_wconf 79' lang='lat' dir='ltr'><strong>viris</strong></span> <span class='ocrx_word' id='word_1_211' title='bbox 1361 2080 1499 2125; x_wconf 84' lang='lat' dir='ltr'><strong>doctis</strong></span> <span class='ocrx_word' id='word_1_212' title='bbox 1519 2078 1800 2125; x_wconf 87' lang='lat' dir='ltr'><strong>coniectando</strong></span> 
     </span>
     <span class='ocr_line' id='line_1_26' title="bbox 274 2151 1801 2210; baseline -0.001 -13"><span class='ocrx_word' id='word_1_213' title='bbox 274 2153 481 2198; x_wconf 87' lang='lat' dir='ltr'><strong>restituta</strong></span> <span class='ocrx_word' id='word_1_214' title='bbox 513 2155 630 2205; x_wconf 83' lang='lat' dir='ltr'><strong>erat,</strong></span> <span class='ocrx_word' id='word_1_215' title='bbox 670 2153 734 2197; x_wconf 89' lang='lat' dir='ltr'><strong>ita</strong></span> <span class='ocrx_word' id='word_1_216' title='bbox 766 2156 817 2197; x_wconf 91' lang='lat' dir='ltr'><strong>ut</strong></span> <span class='ocrx_word' id='word_1_217' title='bbox 848 2153 1173 2205; x_wconf 77' lang='lat' dir='ltr'><strong>Lachmannus‚</strong></span> <span class='ocrx_word' id='word_1_218' title='bbox 1214 2168 1300 2197; x_wconf 90' lang='lat' dir='ltr'><strong>non</strong></span> <span class='ocrx_word' id='word_1_219' title='bbox 1338 2153 1451 2210; x_wconf 84' lang='lat' dir='ltr'><strong>quod</strong></span> <span class='ocrx_word' id='word_1_220' title='bbox 1482 2153 1627 2198; x_wconf 88' lang='lat' dir='ltr'><strong>codice</strong></span> <span class='ocrx_word' id='word_1_221' title='bbox 1659 2151 1697 2196; x_wconf 87' lang='lat' dir='ltr'><strong>G</strong></span> <span class='ocrx_word' id='word_1_222' title='bbox 1728 2167 1801 2196; x_wconf 89' lang='lat' dir='ltr'><strong>ca-</strong></span> 
     </span>
     <span class='ocr_line' id='line_1_27' title="bbox 277 2225 1801 2284; baseline 0 -13"><span class='ocrx_word' id='word_1_223' title='bbox 277 2228 425 2279; x_wconf 87' lang='lat' dir='ltr'><strong>rebat,</strong></span> <span class='ocrx_word' id='word_1_224' title='bbox 464 2225 537 2271; x_wconf 82' lang='lat' dir='ltr'><strong>sed</strong></span> <span class='ocrx_word' id='word_1_225' title='bbox 578 2225 692 2284; x_wconf 90' lang='lat' dir='ltr'><strong>quod</strong></span> <span class='ocrx_word' id='word_1_226' title='bbox 732 2241 817 2271; x_wconf 90' lang='lat' dir='ltr'><strong>non</strong></span> <span class='ocrx_word' id='word_1_227' title='bbox 857 2225 965 2272; x_wconf 84' lang='lat' dir='ltr'><strong>satis</strong></span> <span class='ocrx_word' id='word_1_228' title='bbox 1003 2229 1130 2271; x_wconf 88' lang='lat' dir='ltr'><strong>caute</strong></span> <span class='ocrx_word' id='word_1_229' title='bbox 1169 2225 1221 2270; x_wconf 89' lang='lat' dir='ltr'><strong>de</strong></span> <span class='ocrx_word' id='word_1_230' title='bbox 1260 2225 1327 2270; x_wconf 87' lang='lat' dir='ltr'><strong>his</strong></span> <span class='ocrx_word' id='word_1_231' title='bbox 1366 2226 1470 2271; x_wconf 82' lang='lat' dir='ltr'><strong>locis</strong></span> <span class='ocrx_word' id='word_1_232' title='bbox 1511 2225 1732 2280; x_wconf 87' lang='lat' dir='ltr'><strong>indicavit,</strong></span> <span class='ocrx_word' id='word_1_233' title='bbox 1775 2241 1801 2271; x_wconf 92' lang='lat' dir='ltr'><strong>a</strong></span> 
     </span>
     <span class='ocr_line' id='line_1_28' title="bbox 276 2298 1801 2358; baseline -0.001 -13"><span class='ocrx_word' id='word_1_234' title='bbox 276 2315 377 2345; x_wconf 87' lang='lat' dir='ltr'><strong>vero</strong></span> <span class='ocrx_word' id='word_1_235' title='bbox 420 2300 642 2345; x_wconf 85' lang='lat' dir='ltr'><strong>aberrasse</strong></span> <span class='ocrx_word' id='word_1_236' title='bbox 682 2301 902 2358; x_wconf 87' lang='lat' dir='ltr'><strong>putandus</strong></span> <span class='ocrx_word' id='word_1_237' title='bbox 939 2300 1010 2345; x_wconf 87' lang='lat' dir='ltr'><strong>sit.</strong></span> <span class='ocrx_word' id='word_1_238' title='bbox 1087 2299 1243 2357; x_wconf 85' lang='lat' dir='ltr'><strong>Itaque</strong></span> <span class='ocrx_word' id='word_1_239' title='bbox 1282 2300 1425 2345; x_wconf 87' lang='lat' dir='ltr'><strong>codice</strong></span> <span class='ocrx_word' id='word_1_240' title='bbox 1465 2298 1504 2344; x_wconf 92' lang='lat' dir='ltr'><strong>G</strong></span> <span class='ocrx_word' id='word_1_241' title='bbox 1543 2302 1718 2358; x_wconf 84' lang='lat' dir='ltr'><strong>reperto</strong></span> <span class='ocrx_word' id='word_1_242' title='bbox 1757 2299 1801 2344; x_wconf 92' lang='lat' dir='ltr'><strong>id</strong></span> 
     </span>
     <span class='ocr_line' id='line_1_29' title="bbox 274 2373 1801 2432; baseline -0.001 -14"><span class='ocrx_word' id='word_1_243' title='bbox 274 2376 449 2419; x_wconf 89' lang='lat' dir='ltr'><strong>tantum</strong></span> <span class='ocrx_word' id='word_1_244' title='bbox 485 2374 528 2417; x_wconf 91' lang='lat' dir='ltr'><strong>in</strong></span> <span class='ocrx_word' id='word_1_245' title='bbox 561 2374 840 2419; x_wconf 85' lang='lat' dir='ltr'><strong>emendandis</strong></span> <span class='ocrx_word' id='word_1_246' title='bbox 864 2373 1029 2419; x_wconf 86' lang='lat' dir='ltr'><strong>Catulli</strong></span> <span class='ocrx_word' id='word_1_247' title='bbox 1060 2374 1326 2418; x_wconf 83' lang='lat' dir='ltr'><strong>carminibus</strong></span> <span class='ocrx_word' id='word_1_248' title='bbox 1357 2374 1630 2432; x_wconf 83' lang='lat' dir='ltr'><strong>profecimus,</strong></span> <span class='ocrx_word' id='word_1_249' title='bbox 1662 2374 1801 2418; x_wconf 86' lang='lat' dir='ltr'><strong>uthis</strong></span> 
     </span>
     <span class='ocr_line' id='line_1_30' title="bbox 275 2446 1802 2506; baseline -0.001 -16"><span class='ocrx_word' id='word_1_250' title='bbox 275 2446 435 2506; x_wconf 84' lang='lat' dir='ltr'><strong>viginti</strong></span> <span class='ocrx_word' id='word_1_251' title='bbox 475 2447 617 2491; x_wconf 88' lang='lat' dir='ltr'><strong>tribus</strong></span> <span class='ocrx_word' id='word_1_252' title='bbox 658 2447 763 2491; x_wconf 87' lang='lat' dir='ltr'><strong>locis</strong></span> <span class='ocrx_word' id='word_1_253' title='bbox 794 2448 1068 2491; x_wconf 84' lang='lat' dir='ltr'><strong>coniecturae</strong></span> <span class='ocrx_word' id='word_1_254' title='bbox 1100 2446 1290 2490; x_wconf 83' lang='lat' dir='ltr'><strong>virorum</strong></span> <span class='ocrx_word' id='word_1_255' title='bbox 1324 2447 1548 2491; x_wconf 86' lang='lat' dir='ltr'><strong>doctorum</strong></span> <span class='ocrx_word' id='word_1_256' title='bbox 1581 2446 1668 2500; x_wconf 81' lang='lat' dir='ltr'><strong>iam</strong></span> <span class='ocrx_word' id='word_1_257' title='bbox 1699 2446 1802 2491; x_wconf 85' lang='lat' dir='ltr'><strong>libri</strong></span> 
     </span>
     <span class='ocr_line' id='line_1_31' title="bbox 275 2519 1142 2577; baseline 0 -13"><span class='ocrx_word' id='word_1_258' title='bbox 275 2520 565 2577; x_wconf 84' lang='lat' dir='ltr'><strong>manuscripti</strong></span> <span class='ocrx_word' id='word_1_259' title='bbox 598 2519 850 2566; x_wconf 88' lang='lat' dir='ltr'><strong>testimonio</strong></span> <span class='ocrx_word' id='word_1_260' title='bbox 882 2519 1142 2564; x_wconf 87' lang='lat' dir='ltr'><strong>firmentur.·</strong></span> 
     </span>
     <span class='ocr_line' id='line_1_32' title="bbox 397 2590 1802 2648; baseline 0 -12"><span class='ocrx_word' id='word_1_261' title='bbox 397 2591 481 2636; x_wconf 90' lang='lat' dir='ltr'><strong>Sed</strong></span> <span class='ocrx_word' id='word_1_262' title='bbox 513 2593 655 2637; x_wconf 87' lang='lat' dir='ltr'><strong>altera</strong></span> <span class='ocrx_word' id='word_1_263' title='bbox 688 2606 742 2634; x_wconf 85' lang='lat' dir='ltr'><strong>ex</strong></span> <span class='ocrx_word' id='word_1_264' title='bbox 772 2595 901 2648; x_wconf 87' lang='lat' dir='ltr'><strong>parte</strong></span> <span class='ocrx_word' id='word_1_265' title='bbox 923 2607 1008 2636; x_wconf 89' lang='lat' dir='ltr'><strong>non</strong></span> <span class='ocrx_word' id='word_1_266' title='bbox 1040 2593 1197 2636; x_wconf 80' lang='lat' dir='ltr'><strong>desunt</strong></span> <span class='ocrx_word' id='word_1_267' title='bbox 1228 2590 1325 2644; x_wconf 86' lang='lat' dir='ltr'><strong>loci,</strong></span> <span class='ocrx_word' id='word_1_268' title='bbox 1357 2591 1514 2647; x_wconf 86' lang='lat' dir='ltr'><strong>quibus</strong></span> <span class='ocrx_word' id='word_1_269' title='bbox 1535 2591 1802 2637; x_wconf 84' lang='lat' dir='ltr'><strong>Lachmanni</strong></span> 
     </span>
     <span class='ocr_line' id='line_1_33' title="bbox 273 2662 1121 2721; baseline -0.002 -12"><span class='ocrx_word' id='word_1_270' title='bbox 273 2665 375 2709; x_wconf 87' lang='lat' dir='ltr'><strong>libri</strong></span> <span class='ocrx_word' id='word_1_271' title='bbox 408 2664 449 2708; x_wconf 91' lang='lat' dir='ltr'><strong>D</strong></span> <span class='ocrx_word' id='word_1_272' title='bbox 482 2668 528 2708; x_wconf 88' lang='lat' dir='ltr'><strong>et</strong></span> <span class='ocrx_word' id='word_1_273' title='bbox 559 2666 595 2709; x_wconf 92' lang='lat' dir='ltr'>L</span> <span class='ocrx_word' id='word_1_274' title='bbox 628 2665 763 2710; x_wconf 88' lang='lat' dir='ltr'><strong>codici</strong></span> <span class='ocrx_word' id='word_1_275' title='bbox 796 2662 834 2707; x_wconf 90' lang='lat' dir='ltr'><strong>G</strong></span> <span class='ocrx_word' id='word_1_276' title='bbox 872 2667 1121 2721; x_wconf 85' lang='lat' dir='ltr'><strong>praestant:</strong></span> 
     </span>
     <span class='ocr_line' id='line_1_34' title="bbox 395 2739 562 2794; baseline 0 -11"><span class='ocrx_word' id='word_1_277' title='bbox 395 2740 470 2794; x_wconf 77' lang='lat'><strong>42,</strong></span> <span class='ocrx_word' id='word_1_278' title='bbox 505 2739 562 2783; x_wconf 86' lang='lat'><strong>13</strong></span> 
     </span>
     <span class='ocr_line' id='line_1_35' title="bbox 492 2815 1385 2871; baseline -0.001 -13"><span class='ocrx_word' id='word_1_279' title='bbox 492 2815 586 2858; x_wconf 84' lang='lat' dir='ltr'><strong>Non</strong></span> <span class='ocrx_word' id='word_1_280' title='bbox 619 2816 729 2858; x_wconf 70' lang='lat' dir='ltr'><strong>assis</strong></span> <span class='ocrx_word' id='word_1_281' title='bbox 759 2816 902 2871; x_wconf 77' lang='lat' dir='ltr'><strong>facis?</strong></span> <span class='ocrx_word' id='word_1_282' title='bbox 941 2828 965 2857; x_wconf 91' lang='lat' dir='ltr'><em>o</em></span> <span class='ocrx_word' id='word_1_283' title='bbox 997 2815 1139 2867; x_wconf 78' lang='lat' dir='ltr'><strong>lutum,</strong></span> <span class='ocrx_word' id='word_1_284' title='bbox 1180 2815 1385 2870; x_wconf 81' lang='lat' dir='ltr'><strong>lupanar,</strong></span> 
     </span>
     <span class='ocr_line' id='line_1_36' title="bbox 496 2888 1346 2944; baseline 0 -13"><span class='ocrx_word' id='word_1_285' title='bbox 496 2889 577 2931; x_wconf 77' lang='lat' dir='ltr'><strong>Aut</strong></span> <span class='ocrx_word' id='word_1_286' title='bbox 612 2890 650 2933; x_wconf 76' lang='lat' dir='ltr'><strong>si</strong></span> <span class='ocrx_word' id='word_1_287' title='bbox 677 2888 885 2944; x_wconf 75' lang='lat' dir='ltr'><strong>perditius</strong></span> <span class='ocrx_word' id='word_1_288' title='bbox 913 2894 1084 2944; x_wconf 72' lang='lat' dir='ltr'><strong>potest</strong></span> <span class='ocrx_word' id='word_1_289' title='bbox 1117 2888 1215 2944; x_wconf 81' lang='lat' dir='ltr'><strong>quid</strong></span> <span class='ocrx_word' id='word_1_290' title='bbox 1246 2902 1346 2931; x_wconf 71' lang='lat' dir='ltr'><strong>esse.</strong></span> 
     </span>
    </p>
   </div>
  </div>
 </body>
</html>
