2087 3321
250 354 252 356 ’
275 336 391 405 quod
423 347 469 389 in
494 345 535 390 G
566 350 611 390 et
633 346 671 391 O
702 349 746 390 et
777 346 995 402 plerisque
1026 346 1242 391 codicibus
1273 350 1411 401 extat,
1444 347 1633 392 numeris
1659 335 1808 391 caret?

275 417 434 473 Codex,
468 434 595 476 quem
626 418 805 462 Ellisius
837 417 969 462 litera
1000 435 1027 462 a
1058 420 1242 471 notavit,
1277 408 1383 462 haec
1413 417 1613 475 praebet:

330 548 333 551 Δ
498 493 569 535 Sic
598 492 752 535 homini
784 491 961 534 arbitrio
991 504 1154 547 semper
1184 498 1259 534 ma
1289 503 1400 535 cana
1429 499 1628 536 senectus.

276 563 360 607 Sed
395 564 504 606 illud
538 577 700 617 semper
736 578 762 604 a
798 565 1040 605 correctore
1074 563 1316 618 profectum
1352 566 1433 615 est,
1471 565 1544 619 qui
1583 565 1799 621 sententia
1832 599 1838 602 .
1878 579 1882 580 ⁷
1933 581 1939 585 ·
1984 591 1993 604 ,

275 649 450 695 prorsus
488 634 690 693 neglecta
721 633 765 678 id
798 634 971 677 tautum
1005 634 1117 691 egit,
1158 637 1209 678 ut
1241 649 1410 679 versum
1444 634 1709 689 restitueret,
1741 636 1813 683 cf..
1992 622 2000 635 ²

274 726 316 766 p.
340 710 382 753 5.
434 708 499 751 De
529 707 815 751 Riccardiano
847 710 981 751 testes
1014 707 1128 751 inter
1159 722 1204 751 se
1236 705 1503 764 discrepant:
1537 699 1665 751 huius
1695 708 1799 752 libri
1902 767 1905 769 Β
1937 761 1940 765 ¹

273 796 384 839 quae
431 782 498 826 est
545 779 765 836 scriptura
810 778 1044 825 secundum
1093 778 1294 824 Ellisium
1349 780 1547 837 speciem.
1580 779 1798 836 quandam
1845 817 1858 825 ,.

272 852 473 896 veritatis
506 851 658 895 habet:
1721 841 1734 849 ‘

493 925 564 967 Sic
595 925 749 967 homini
781 926 956 967 arbitrio
986 927 1186 980 populari
1219 940 1328 969 cana
1360 932 1558 969 senectus.

271 996 386 1042 Nam
456 995 532 1039 ubi
596 1010 675 1052 pro
738 996 954 1039 communi
1019 997 1212 1040 omnium
1283 997 1491 1040 librorum
1564 997 1671 1040 vitio
1737 999 1798 1040 sic

273 1072 429 1114 homini
461 1068 702 1126 reposueris
732 1071 770 1112 si
793 1069 965 1121 Comini,
998 1072 1042 1112 et
1074 1070 1292 1113 sententia
1324 1073 1369 1112 et
1392 1076 1541 1113 versus
1562 1072 1666 1114 stat.
1714 1069 1796 1113 Sed

273 1142 407 1187 etiam
440 1141 547 1185 haec
568 1141 799 1197 scriptura,
832 1140 1043 1197 siquidem
1066 1141 1108 1183 iu
1133 1141 1246 1184 Ricc.
1266 1143 1406 1194 extat,
1440 1144 1491 1183 ut
1512 1157 1538 1184 a
1558 1147 1804 1191 correctore

271 1215 454 1260 metrico
495 1214 600 1258 ficta
639 1213 806 1269 nullius·
842 1214 1119 1257 auctoritatis
1158 1216 1236 1259 est.
1303 1212 1544 1258 Pronomen
1577 1221 1650 1258 ma
1681 1215 1797 1260 enim
1829 1260 1840 1268 ,

271 1275 368 1334 cuni
417 1288 463 1331 in
513 1285 552 1329 D
601 1289 646 1328 et
692 1285 836 1329 Ellisii
883 1286 1026 1330 codiee
1075 1303 1100 1330 a
1148 1287 1384 1338 habeatur,
1432 1287 1475 1329 in
1524 1285 1797 1331 Rioeardiani

271 1360 512 1417 archetypo
553 1358 749 1402 extitisse
787 1361 954 1401 certum
994 1362 1072 1401 est.
1138 1359 1323 1402 Videtur
1365 1363 1512 1402 autem
1546 1358 1722 1415 Ellisius
1755 1358 1798 1402 id

270 1434 384 1492 quod
417 1433 469 1476 de
503 1431 789 1476 Riccardiano
820 1434 1011 1476 testatur
1044 1446 1096 1475 ex
1129 1430 1398 1476 Lachmanni
1430 1431 1617 1475 editione
1650 1446 1797 1488 sump-

270 1507 375 1550 sisse
422 1505 495 1562 (cf.
542 1503 664 1546 Ellis.
714 1519 758 1560 p.
808 1504 926 1561 LIX)
973 1505 1150 1560 eiusque
1197 1504 1521 1548 adnotationem
1570 1506 1685 1549 male
1730 1505 1797 1547 in-

270 1578 510 1629 tellexisse3
549 1591 681 1633 quam
712 1577 873 1621 rectius
904 1591 1002 1620 cum
1034 1569 1261 1620 Schwab'io
1294 1576 1356 1619 ita
1389 1576 1705 1633 intellegimus,
1746 1579 1797 1619 ut

271 1660 345 1696 tua
378 1651 421 1694 in
453 1650 570 1694 Ricc.
605 1652 756 1693 extare
787 1649 1011 1694 credamus
1042 1649 1096 1693 ad
1131 1649 1245 1692 hunc
1277 1648 1470 1692 modum:

491 1726 563 1768 Sic
593 1725 747 1766 homini
780 1724 958 1766 arbitrio
988 1725 1188 1778 populari
1219 1729 1292 1765 tua
1326 1736 1436 1765 cana
1466 1729 1655 1766 senectus

269 1800 402 1853 atque
435 1798 513 1840 aut
547 1796 628 1840 hoc
660 1799 738 1840 aut
771 1795 892 1848 illud,
927 1796 1038 1852 quod
1075 1812 1099 1840 a
1131 1794 1320 1848 exhibet,
1348 1793 1517 1852 videtur
1548 1794 1686 1839 latere
1717 1795 1795 1838 sub

268 1884 319 1917 eo
351 1869 464 1926 quod
498 1867 538 1910 D
572 1868 727 1912 habet:

488 1944 559 1985 Sic
590 1944 744 1986 homini
776 1944 953 1985 arbitrio
1128 1950 1202 1985 tua
1235 1957 1344 1984 cana
1375 1948 1576 1985 senectus.

269 2015 336 2060 Ex
384 2017 639 2072 comparata
686 2013 850 2059 Datani
899 2018 943 2057 et
990 2014 1265 2060 Riecaffliani
1312 2014 1529 2072 scriptura
1576 2015 1796 2071 profectus

268 2088 576 2133 Lachmannus
609 2088 752 2132 deleto
785 2087 1042 2144 pronomine
1075 2094 1147 2130 tua
1180 2087 1261 2131 hoc
1293 2088 1338 2131 in
1371 2089 1497 2130 textu
1529 2088 1693 2143 posuit:
1735 2099 1738 2100 ⁷

488 2161 535 2203 Si
569 2161 729 2204 Comini
755 2147 936 2204 ‘arbitrio
966 2162 1165 2216 populari
1198 2175 1309 2204 cana
1339 2167 1539 2214 senectus,

267 2234 310 2278 id
342 2233 456 2290 quod
490 2248 576 2278 non
609 2233 780 2277 videtur
813 2233 1101 2288 probabiliter
1133 2233 1296 2279 fecisse.
1351 2233 1463 2278 Nam
1496 2248 1596 2277 rara
1625 2233 1795 2278 addita·

268 2310 416 2351 menta
449 2305 492 2348 in
527 2305 691 2349 Catulli
725 2305 918 2349 carmina
952 2305 1079 2350 illata
1111 2310 1213 2351 suut
1245 2309 1290 2349 et
1322 2307 1581 2363 simpliciore
1613 2301 1811 2358 medelas

267 2394 397 2437 quam
436 2380 527 2423 iam
565 2377 733 2422 Statius
773 2376 916 2422 versui
956 2379 1169 2431 adhibuit,
1210 2396 1263 2423 ex
1303 2380 1520 2436 scriptura
1553 2382 1795 2424 ceterorum

267 2453 479 2496 librorum
521 2451 732 2504 efficitur,
773 2452 885 2508 quod
920 2467 1006 2495 non
1040 2452 1181 2494 minus
1214 2455 1344 2508 poeta
1376 2452 1554 2509 dignum
1588 2454 1677 2502 est;
1717 2443 1796 2508 pro

266 2527 466 2582 populari
498 2524 666 2568 Statius
698 2527 842 2581 populi
875 2524 1087 2568 restituit:

487 2600 535 2642 si
570 2599 727 2642 Comini
758 2601 903 2654 populi
935 2600 1110 2641 arbitrio
1143 2605 1215 2641 tua
1249 2613 1359 2642 cana
1392 2604 1590 2642 senectam

392 2671 522 2724 101,7

487 2745 608 2787 Nunc
640 2751 777 2788 tamen
810 2747 983 2796 interea,
1015 2747 1154 2798 prisco
1187 2759 1296 2800 quae
1326 2759 1439 2789 more
1469 2751 1702 2798 parentum.

390 2814 510 2860 Haec
551 2816 857 2861 Lachmannus
897 2816 1052 2866 edidit3
1102 2816 1141 2860 D
1182 2816 1359 2860 exhibet
1399 2820 1572 2870 interea,
1615 2815 1648 2858 L
1680 2817 1725 2857 et
1757 2813 1792 2859 G
1830 2839 1835 2842 ·

1932 900 1937 903 s
1986 889 2002 905 's

1919 906 1922 910 ¹
1976 906 2015 933 *37*
