2087 3321
984 239 1040 283 58

257 357 374 399 tibris
423 360 599 402 omissus
647 361 746 415 quin
784 372 812 401 a
853 360 1014 402 Catullo
1049 361 1265 414 profectus
1300 362 1354 403 sit
1392 366 1431 403 et
1468 366 1641 416 propter
1678 361 1780 403 ittam

254 431 445 482 futurum
478 438 675 490 exactum
707 432 881 474 audiero
901 440 1035 474 v'serum
1065 431 1269 475 subtiliori
1298 420 1476 487 positum
1505 447 1628 489 quam
1660 447 1778 489 quem

254 504 531 559 interpolator
579 505 748 560 quidam
781 505 1047 559 repperisset,
1096 509 1136 546 et
1173 510 1348 560 propter
1393 506 1588 549 hunam
1634 520 1778 550 versus

254 578 376 619 liuius
407 579 451 619 in
482 578 651 620 Datano
682 582 720 618 et
742 577 938 620 Parisino
968 578 1111 631 priore
1141 582 1354 620 extantem
1383 578 1426 620 in
1459 579 1633 635 aliisque
1663 580 1779 623 libris

256 651 379 694 vario
409 650 530 692 modo
564 650 774 704 expletam
805 644 992 692 dubitari
1022 664 1105 692 non
1134 656 1284 705 potest.
1331 648 1479 706 Atque
1509 649 1617 694 haee
1637 651 1779 696 altera

255 721 381 771 ratio,
416 722 467 765 ut
497 719 618 777 prius
649 720 702 764 de
734 720 817 764 hac
855 721 1077 775 disseram,
1109 736 1194 766 nou
1226 724 1342 767 recte
1374 721 1571 765 videatur
1601 737 1778 779 prorsus

257 794 499 850 spernenda
547 802 654 836 esse.
732 792 885 836 Potuit
932 794 1127 850 quidem,
1175 796 1264 838 sive
1311 810 1337 838 a
1374 794 1548 838 Catullo
1593 794 1684 845 sive
1721 796 1777 839 ab

255 865 569 921 interpolatore
618 881 766 910 versus
815 866 891 909 ille
934 866 1157 924 profectus
1202 870 1291 921 est,
1330 867 1445 919 fieri,
1484 870 1535 909 ut
1572 866 1776 911 librarius

254 952 416 982 vocem·
447 938 641 994 aliquam
679 938 824 995 spatio
864 938 1018 982 relicto
1048 939 1297 992 omitteret,
1333 939 1447 996 quod
1485 940 1529 983 iu
1569 953 1618 983 eo
1649 939 1784 992 libro,
1851 1001 1860 1009 ⁸

252 1024 305 1054 ex
353 1024 439 1067 quo
486 1009 781 1063 describebat,
831 1010 1133 1068 neglegentius
1182 1011 1345 1068 scripta
1387 1015 1517 1065 esset,
1557 1026 1686 1069 quam
1725 1014 1776 1057 ut

251 1082 379 1127 facile
427 1082 517 1140 legi
563 1085 719 1139 posset.
783 1081 866 1128 Sed
907 1083 1057 1140 paullo
1096 1082 1366 1141 probabilius
1386 1079 1471 1127 'est
1509 1100 1656 1129 vocem
1695 1084 1775 1129 tali

252 1155 377 1200 modo
424 1155 703 1201 obliteratam
750 1157 796 1200 iu
841 1156 983 1201 codice
1030 1157 1203 1201 vetusto
1249 1157 1295 1199 et
1340 1155 1513 1215 integro
1560 1172 1690 1214 quam
1728 1158 1775 1203 iu

254 1243 381 1272 versu
426 1240 582 1274 recens*
614 1230 671 1273 ab
709 1230 1027 1286 interpolatore
1067 1228 1285 1285 adscripto
1326 1229 1534 1274 extitisse.
1597 1230 1776 1276 Accedit

251 1316 351 1344 usus
385 1302 524 1345 futuri
565 1304 707 1347 exacti
745 1304 933 1346 audiero,
996 1301 1194 1346 Utuntur
1225 1301 1339 1344 enim
1372 1300 1519 1345 Latini
1551 1303 1633 1348 hoc
1664 1306 1777 1347 tem-

250 1389 356 1430 pore
387 1375 605 1431 saepicule
636 1374 712 1427 ibi,
745 1375 819 1418 ubi
852 1388 929 1418 nos
960 1374 1144 1431 simplex
1175 1372 1371 1418 futurum
1400 1373 1667 1427 adhibemus,
1700 1373 1774 1430 (cf.
1834 1408 1836 1410 -
1863 1400 1865 1402 >

250 1445 445 1506 Madvig.
485 1461 556 1504 op.
597 1446 730 1504 prior.
771 1463 816 1504 p.
857 1445 936 1505 97)
966 1447 1222 1504 plerumque
1255 1445 1338 1499 ita,
1379 1449 1429 1489 ut
1459 1446 1672 1490 indicetur
1703 1461 1774 1490 ac-

251 1521 417 1565 tionem
449 1521 644 1578 aliquam
667 1521 785 1565 haud
807 1520 936 1565 dubie
958 1520 1164 1577 nullaque
1186 1533 1307 1563 mora
1329 1519 1589 1577 interposita
1610 1519 1775 1575 factum

254 1594 322 1649 iri,
357 1595 495 1638 veluti
528 1593 615 1638 cic.
650 1594 705 1638 ad
736 1593 834 1639 Att.
869 1593 936 1637 III
961 1594 1084 1646 19‚1:
1117 1607 1322 1649 nusquam
1352 1596 1522 1648 facilius
1551 1596 1661 1637 barac
1690 1596 1773 1636 mi-

251 1669 473 1718 serrimam
511 1670 641 1712 vitam
671 1669 736 1712 oet
765 1668 1004 1712 sustentabo
1049 1668 1128 1720 oet,
1173 1667 1284 1723 quod
1339 1668 1464 1711 mutto
1502 1673 1572 1711 est
1608 1668 1772 1721 metius,

251 1743 468 1793 abiecero,
515 1741 572 1784 ad
611 1741 708 1784 Att.
742 1739 783 1783 V
818 1740 912 1791 1‚3:
960 1747 1002 1782 tu
1042 1742 1175 1782 invita
1213 1742 1423 1792 mulieres,
1462 1755 1538 1795 eqo
1581 1743 1773 1782 accivere

247 1828 416 1870 pueros,
449 1827 529 1871 pro
555 1814 710 1857 Plano.
743 1813 898 1867 33‚79:
937 1814 1066 1856 multo
1103 1814 1223 1855 citius
1253 1827 1387 1856 meam
1417 1815 1593 1856 salutem
1624 1826 1703 1867 pro
1735 1819 1774 1855 te

251 1889 443 1931 abiecero
475 1901 601 1944 quam
636 1887 708 1930 Cn.
739 1888 902 1929 Plaucii
931 1887 1107 1928 satutem
1138 1886 1353 1928 tradidero
1386 1889 1633 1930 contentioni
1662 1893 1773 1938 tuae,

250 1959 303 2004 de
334 1949 425 2016 r'ep,
458 1959 481 2002 I
514 1958 667 2013 1330:
709 1961 811 2002 nihil
840 1965 901 2002 est
933 1959 1070 2001 adhuc
1110 1960 1365 2014 disputatum
1399 1965 1453 2011 et,
1485 1962 1681 2015 quoniam
1714 1966 1773 2002 est

246 2036 473 2089 integrum,
513 2034 687 2076 libenter
718 2034 791 2075 tibi
832 2038 876 2074 ut
911 2033 963 2075 de
996 2045 1044 2074 eo
1077 2032 1260 2074 disseras
1292 2033 1478 2087 equidem
1511 2047 1773 2083 concesser03

247 2106 467 2149 interdum
497 2109 646 2150 autem
678 2104 813 2149 etiam
840 2104 917 2157 ita,
940 2107 991 2146 ut
1012 2118 1145 2159 quam
1165 2105 1220 2147 ob
1243 2119 1334 2147 rem
1356 2104 1553 2148 futurum
1569 2107 1773 2148 ‘exactum

247 2178 436 2236 simplici
473 2179 622 2223 futuro
660 2178 910 2236 praelatum
949 2176 1027 2227 sit,
1076 2191 1163 2219 non
1202 2176 1477 2234 dispiciatur,
1514 2176 1773 2234 praesertim

247 2267 346 2296 cum
377 2252 434 2302 ,iu
473 2253 622 2297 eodem
660 2251 894 2295 enuntiato
929 2248 1051 2293 nulla
1089 2263 1218 2294 causa
1256 2250 1481 2307 perspicua
1513 2249 1568 2293 ab
1600 2262 1687 2292 uno
1718 2248 1772 2293 ad

248 2324 440 2370 alterum
473 2324 687 2374 transitus
719 2323 814 2377 fiat,
848 2322 975 2381 Prop.
1009 2320 1053 2365 II
1084 2321 1288 2376 5‚21.22:

474 2401 561 2444 Nec
591 2401 665 2442 tibi
694 2400 866 2454 periuro
896 2398 1127 2441 scindam
1159 2399 1210 2440 de
1241 2412 1416 2452 corpore
1448 2404 1613 2449 vestem,

539 2474 626 2516 Nec
656 2487 749 2516 mea
779 2473 1026 2527 praeclusas
1056 2472 1138 2525 fre
1146 2472 1282 2526 qerit
1312 2472 1381 2513 ira
1411 2472 1538 2525 fores.

254 2547 389 2604 Verg.
424 2546 531 2589 Aen.
565 2543 630 2587 IX
662 2543 878 2587 297298:

465 2622 654 2675 Namque
686 2619 783 2661 erit
816 2619 898 2659 ista
929 2617 1027 2659 mihi
1057 2617 1246 2671 qenetrix
1277 2628 1505 2671 nomenque
1539 2615 1718 2659 Creusae

465 2693 608 2736 Solum
640 2691 885 2746 defuerit.
1261 2700 1263 2702 ’

247 2766 441 2814 'l'antum
478 2766 616 2824 igitur
658 2764 802 2816 abest,
852 2766 904 2807 ut
941 2779 1040 2807 cum
1073 2761 1336 2818 Baehrensio
1376 2762 1449 2818 (p.·
1471 2759 1686 2819 XXVHI)
1726 2759 1770 2804 iu

247 2843 494 2896 temporum
546 2839 624 2883 illa
677 2836 923 2882 mutatione
969 2836 1199 2881 haerentes
1251 2850 1421 2880 versum
1467 2832 1771 2892 interpolatori

246 2911 527 2956 tribuendum
558 2924 820 2963 censeamus,
855 2913 906 2953 ut
937 2910 982 2952 in
1014 2924 1065 2953 ea.
1095 2908 1409 2966 proprietatem
1441 2908 1660 2965 quandam
1680 2921 1770 2949 ser-
