2087 3321
1015 241 1070 285 10

278 358 344 401 uti
391 359 588 412 volebat,
636 360 860 411 dicendum
911 364 1006 405 erat
1053 376 1161 418 quae
1200 365 1297 405 iura
1335 369 1452 407 caelo
1498 364 1621 409 mobili
1663 364 1797 406 colere

276 433 441 488 cupitis.
495 431 544 475 Id
578 426 692 475 inest
723 431 768 475 in
801 432 1019 488 scriptura
1052 433 1153 481 libri
1176 433 1216 479 D
1249 441 1364 492 casto
1393 438 1532 492 petitis
1563 450 1671 493 quae
1700 437 1797 478 iura
1857 470 1858 473 ,

276 506 419 557 cubili,
462 519 590 561 quam
636 518 783 548 veram
821 518 912 548 esse
953 507 1073 561 puto,
1141 506 1283 550 Colitis
1322 508 1469 551 autem
1509 508 1633 553 unde⁴
1651 510 1795 552 ortum

275 578 372 621 est?
425 576 551 621 Certe
592 591 676 620 non
719 575 905 633 simplici
944 577 1159 622 scribendi
1191 593 1357 635 errore,
1395 579 1468 623 sed
1500 596 1525 624 a
1556 582 1796 625 correctore

275 650 516 707 profectum
559 649 745 696 videtur.
808 648 868 692 Et
905 651 942 692 si
983 646 1157 695 causam
1195 653 1463 708 quaerimus,
1503 667 1589 710 qua
1631 653 1707 698 ille
1747 669 1797 698 eo

274 722 485 767 adductus
525 721 605 775 sit,
646 724 704 766 ut
722 722 984 767 *coniectura
1022 722 1104 782 hoc
1143 725 1236 770 loco
1268 739 1374 782 opus
1406 739 1497 769 esse
1527 724 1796 783 opinaretur,

274 794 493 837 commode
524 809 568 837 se
599 795 708 837 illud
742 796 866 839 uobis
897 796 1045 848 offert,
1087 798 1200 853 quod
1232 798 1335 841 libri
1369 797 1565 840 nonnulli
1597 801 1798 853 quaeritis

273 867 493 912 exhibent.
550 865 676 911 Hanc
707 865 819 910 enim
850 867 1110 926 scripturam
1132 869 1417 927 probabiliter
1438 869 1639 928 ponimus
1661 869 1795 915 inter-

272 941 514 997 polatorem
547 941 673 983 illum
707 940 753 984 in
784 941 926 984 codice
958 956 1034 984 suo
1067 943 1303 995 invenisse;
1335 959 1446 1000 quae
1477 958 1573 987 cum
1608 944 1796 987 numeris

273 1013 389 1069 haud
438 1014 545 1058 satis
593 1014 776 1065 faceret,
826 1027 994 1057 versum
1043 1014 1117 1057 ille
1165 1017 1360 1060 restituit
1403 1017 1662 1060 sententiam
1709 1031 1794 1060 non

273 1087 519 1131 accuratius
551 1086 793 1144 respiciens,
846 1085 994 1142 Ipsum
1029 1090 1173 1131 autem
1207 1088 1315 1131 illud
1349 1092 1551 1145 quaeritis
1571 1093 1796 1133 exaratum

272 1162 340 1209 est
378 1175 459 1216 pro
496 1160 687 1217 genuino
729 1162 870 1214 petitis
909 1174 1028 1203 mera
1072 1161 1369 1218 neglegentia,
1417 1175 1505 1217 qua
1551 1162 1798 1218 saepissime

271 1231 444 1276 librarii
478 1246 719 1289 synonyma
749 1231 1050 1283 confuderunt.
1218 1279 1222 1282 ,

394 1305 462 1349 Ad
504 1306 581 1349 hos
622 1305 726 1349 duos
765 1306 900 1358 locos,
942 1305 1097 1363 quibus
1137 1304 1292 1350 codicis
1332 1305 1368 1350 G
1408 1306 1649 1364 scripturae
1685 1322 1797 1351 vana

271 1381 372 1422 sunt
395 1378 673 1423 librariorum
696 1381 953 1431 commenta,
983 1378 1192 1422 accedunt
1213 1378 1303 1431 alii,
1335 1380 1491 1436 quibus
1514 1393 1632 1423 mero
1652 1393 1796 1422 errore

269 1452 474 1495 librarius
508 1453 619 1496 falsa
652 1453 865 1504 exaravit,
897 1468 999 1496 vera
1030 1453 1248 1508 scriptura
1279 1467 1375 1496 cum
1408 1452 1452 1495 in
1482 1453 1640 1499 ceteris
1658 1452 1798 1496 omni·
1841 1439 1847 1455 ⁸

269 1524 349 1566 bus
382 1524 506 1567 libris
539 1527 633 1567 tum
668 1525 711 1567 in
741 1524 781 1566 D
813 1527 859 1567 et
882 1524 917 1566 L
949 1524 1157 1567 habetur:
1191 1524 1355 1576 64‚134
1388 1525 1631 1572 discendens
1662 1525 1796 1575 6624

270 1604 314 1640 ut
355 1599 413 1641 ibi
455 1598 589 1649 66‚32
629 1598 776 1640 adesse
817 1596 951 1649 66,74
991 1598 1161 1640 condita
1200 1596 1334 1649 66‚85
1372 1600 1476 1641 inita
1517 1597 1649 1649 67,35
1683 1604 1795 1643 amat

272 1684 415 1715 amore
449 1669 611 1724 68‚101
647 1676 760 1712 tuum
794 1669 896 1722 712
928 1674 972 1711 et
1005 1669 1032 1712 6
1064 1671 1259 1726 podraqa
1282 1669 1413 1722 84,11
1440 1669 1662 1723 esse187,l
1688 1684 1797 1726 pone

270 1744 373 1796 99,7
407 1746 465 1786 ad
498 1744 628 1795 114‚3
661 1758 783 1785 aura.
849 1741 946 1785 Non
987 1742 1243 1799 infringitur
1284 1743 1456 1800 quidem
1496 1743 1577 1787 hac
1616 1758 1662 1786 re
1693 1743 1797 1788 fides

269 1816 426 1861 codicis
458 1815 516 1868 G;
555 1815 651 1873 quis
686 1816 803 1860 enim
836 1815 972 1860 bonus
1005 1814 1115 1859 liber
1147 1815 1361 1861 scribendi
1391 1815 1609 1860 erroribus
1643 1817 1796 1876 vacat?

270 1888 354 1932 Sed
387 1892 536 1933 tamen
576 1903 821 1940 monemur,
871 1902 923 1930 ne
967 1892 1128 1931 temere
1175 1904 1271 1932 cum
1318 1888 1585 1935 Baehrensio
1632 1893 1798 1934 ceteros

269 1961 401 2006 libros
434 1965 608 2019 praeter
641 1960 678 2006 O
709 1975 856 2005 omnes
888 1974 940 2004 ex
972 1960 1010 2005 G
1042 1960 1259 2005 derivatos
1294 1975 1383 2005 esse
1415 1964 1630 2019 putemus.
1683 1961 1797 2013 Quo-

270 2034 396 2077 modo
427 2034 543 2078 enim
575 2034 740 2086 facturn
773 2038 853 2085 est,
887 2036 937 2076 ut
971 2033 1124 2076 horum
1153 2034 1358 2077 vitiorum
1390 2034 1433 2077 in
1467 2035 1556 2078 illis
1588 2049 1666 2081 nec
1698 2036 1795 2078 vola

269 2122 348 2152 nec
379 2107 611 2164 vestigium
643 2107 731 2151 sit?

392 2179 485 2224 Iam
503 2179 556 2224 ad
574 2194 663 2224 cor
676 2180 937 2224 rectiones
960 2180 1061 2224 libri
1079 2179 1116 2223 G
1134 2194 1212 2223 nos
1228 2181 1397 2223 vertere
1413 2180 1529 2234 licet,
1546 2180 1597 2224 de
1613 2195 1796 2237 quarum

270 2253 437 2311 origine
477 2253 558 2296 viri
596 2254 712 2297 docti
751 2267 839 2297 non
879 2253 1198 2318 consentiunt.·
1243 2251 1508 2300 Baehreusio
1555 2254 1611 2298 ab
1648 2254 1796 2298 eadem

269 2340 416 2377 manu,
449 2339 561 2382 quae
594 2327 766 2368 textum
794 2325 1005 2377 exaravit,
1040 2324 1182 2368 factae
1206 2324 1405 2367 videntur
1428 2323 1486 2380 (p.
1511 2324 1635 2382 XIV)
1657 2339 1797 2381 neque

268 2399 344 2441 ille
377 2398 573 2450 dubitat,
613 2398 716 2454 quin
748 2411 896 2440 omnes
937 2397 1064 2440 unius
1098 2396 1188 2440 eius
1219 2396 1294 2453 qui
1327 2395 1364 2440 G
1397 2394 1593 2442 exaravit
1623 2395 1797 2452 ingenio

271 2471 513 2515 debeantur
544 2470 800 2527 plerumque
832 2483 1034 2525 perverso
1065 2469 1125 2526 (p.
1160 2466 1322 2525 XVII).
1380 2467 1545 2518 Contra
1575 2467 1797 2511 Bonuetus

269 2543 437 2599 (Revue
468 2544 653 2600 critique
682 2543 821 2600 18775
847 2543 1135 2587 correctiones
1167 2557 1250 2586 non
1285 2542 1341 2586 ab
1365 2541 1513 2586 eadem
1536 2556 1666 2587 mauu
1686 2555 1797 2597 quae

271 2619 443 2660 textum
477 2617 651 2673 scripsit
681 2616 898 2672 profectas
931 2630 1035 2667 esse,
1069 2615 1304 2664 sedaliam
1338 2629 1515 2658 manum
1542 2613 1730 2657 codicem
1759 2612 1795 2657 G

269 2704 365 2733 cum
406 2689 493 2733 alio
531 2689 718 2746 quodam
740 2687 899 2733 ,codice
947 2687 1181 2731 contulisse
1220 2690 1265 2730 et
1304 2686 1590 2752 correctiones
1628 2699 1681 2727 ex
1719 2685 1796 2729 illo

269 2761 593 2819 transcripsisse
633 2754 869 2805 existimat.
943 2760 1140 2816 Apparet
1176 2762 1325 2804 autem
1363 2774 1415 2802 ex
1455 2757 1707 2802 Baehrensii
1746 2757 1797 2799 de

270 2835 606 2879 correctionibus
644 2833 747 2878 libri
779 2832 815 2877 G
848 2834 1026 2887 iudicio,
1067 2848 1142 2877 cur
1181 2833 1256 2877 ille
1292 2834 1457 2877 ceteros
1488 2831 1620 2876 libros
1652 2843 1798 2874 omnes

270 2922 324 2952 ex
346 2906 383 2949 G
405 2907 620 2950 derivatos
644 2921 734 2954 esse
755 2907 1009 2950 arbitretur.
1059 2905 1172 2948 Nam
1194 2906 1230 2948 si
1253 2920 1400 2947 verum
1425 2908 1492 2946 est
1513 2903 1797 2946 correctiones
