2087 3321
921 215 979 258 49

409 408 499 452 Etsi
514 395 591 463 „aee
623 409 792 462 assiduo
824 408 1076 463 confectam
1107 423 1211 452 cara
1245 410 1403 453 dolore.

223 495 229 501 ·
262 525 264 529 ,
315 482 567 536 Confectum,
583 480 698 538 quod
711 479 981 526 Lachmanni
997 480 1099 525 libri
1114 484 1158 526 et
1172 482 1212 527 G
1226 482 1450 538 exhibent,
1463 495 1640 538 prorsus
1656 495 1710 525 ex

193 571 271 600 usu
297 553 524 602 „sermonis
562 553 708 610 Latini
744 554 842 599 hoe,
866 554 959 599 loco
997 554 1098 610 poni
1137 569 1222 600 non
1253 558 1319 602 est
1355 553 1469 613 quod
1500 553 1710 612 exemplis

191 628 411 684 probetur.
470 626 521 671 “O
567 627 766 685 praebet⁴
793 628 995 682 desectam
1008 658 1019 679 ‚
1066 629 1178 684 quod
1224 627 1533 673 Baehrensius·
1558 641 1709 671 verum

190 701 333 755 putat.
394 698 487 746 Sed
509 702 696 756 defectus
728 701 871 756 aliqua
902 714 950 742 re
981 702 1048 744 est
1077 700 1134 753 is,
1172 697 1246 756 qui
1279 698 1443 756 aliquid
1475 698 1707 751 desiderat,

191 771 259 815 cui
299 771 464 828 aliquid
495 772 629 825 deest.
691 770 755 815 Ea
786 774 931 816 autem
970 787 1068 816 cum
1103 771 1297 823 notione,
1339 786 1487 830 quam‘
1501 772 1583 831 hoc
1613 772 1708 815 loco

191 842 339 894 inesse,
384 845 590 904 oportet„
636 847 687 887 ut
743 843 803 889 sit
853 844 964 888 idem
1013 847 1144 902 atque
1190 845 1425 888 debilitatus
1471 859 1605 901 usque
1652 842 1707 887 ad

190 917 380 967 aetatem
401 916 694 973 Augusteam
741 931 949 973 nusquam
998 919 1150 962 extat.
1213 915 1333 960 Mero
1379 917 1516 974 igitur
1562 930 1707 960 errore

192 989 396 1044 defectam
427 1002 507 1046 pro
538 989 729 1047 genuino
746 991 974 1046 confectum
1006 992 1232 1034 exaratum
1253 988 1425 1032 videtur
1433 987 1707 1050 permutatis

189 1060 454 1117 compendiis
485 1060 750 1118 syllabarum
783 1078 860 1108 eon
891 1067 937 1107 et
967 1066 1034 1108 de.

316 1132 484 1188 64,174

405 1208 610 1253 Indomita
640 1223 717 1252 nee
745 1211 842 1252 dira
874 1211 1016 1264 ferens
1045 1210 1252 1263 stipendia
1282 1215 1406 1251 tauro

406 1282 596 1336 Persidas
625 1284 669 1329 in
703 1282 805 1326 Cret
812 1296 887 1326 am
917 1282 1132 1337 reliqasset
1162 1282 1307 1324 navita
1337 1282 1492 1336 sunm.
1531 1340 1533 1342 ,

311 1352 428 1396 Haec
449 1352 753 1397 Lachmanuus
784 1353 831 1396 in
852 1354 977 1409 textu
999 1353 1144 1408 posuit
1164 1355 1335 1411 secutus
1354 1352 1541 1396 codicem
1563 1351 1612 1404 L,
1626 1352 1710 1407 qui

188 1426 369 1482 praebet
394 1428 438 1469 in
462 1426 647 1482 Cretam3
670 1425 709 1469 D
732 1426 908 1482 exbibet
927 1428 971 1470 in
994 1425 1134 1470 Creta.
1181 1423 1217 1468 Ε
1238 1427 1478 1470 ceterorum
1500 1423 1708 1468 librorum

189 1513 366 1543 numero
411 1512 522 1554 unus
562 1497 599 1543 Ο
644 1512 741 1543 cum
781 1498 820 1542 D
859 1497 985 1549 facit,
1024 1498 1179 1556 reliqui
1217 1513 1313 1542 cum
1348 1497 1382 1541 L
1419 1496 1708 1542 consentiunt.

189 1569 414 1615 Editorum
453 1569 650 1628 plerique
688 1574 731 1615 in
775 1573 940 1615 Cretam
979 1572 1263 1628 scripserunt,
1304 1570 1523 1614 novissimi
1563 1560 1709 1612 autem

187 1643 476 1689 Baehrensius
509 1645 554 1687 et
585 1643 762 1689 Ellisius
793 1644 949 1690 codicis
980 1643 1018 1688 Ο
1049 1644 1298 1688 testimonio
1328 1642 1478 1689 confisi
1508 1645 1566 1687 in·
1585 1642 1710 1686 Creta

187 1716 428 1763 ediderunt.
490 1717 550 1760 Et
588 1731 691 1761 sane
729 1719 915 1776 utraque
952 1717 1168 1775 scriptura
1199 1732 1321 1761 suam
1353 1716 1488 1761 habet
1518 1704 1711 1772 explica-

187 1790 364 1834 tionem.
426 1789 620 1834 Verbum
657 1789 873 1848 religandi
909 1794 1013 1835 noto
1050 1806 1131 1838 usu
1167 1790 1232 1836 ita
1270 1790 1450 1849 ponitur
1463 1823 1476 1844 ,
1515 1792 1565 1833 ut
1595 1788 1709 1837 idem

142 1857 162 1870 ⁸
186 1861 245 1905 sit
291 1861 405 1919 quod
451 1861 655 1921 alligare3
707 1862 753 1906 in
799 1862 930 1908 Creta
976 1862 1124 1907 funem
1161 1860 1350 1921 religare
1387 1864 1454 1905 est
1492 1861 1643 1919 igitur·
1664 1861 1709 1909 in

188 1934 318 1980 Creta
363 1950 517 1980 navem
565 1936 620 1980 ad
672 1938 836 1981 terram
887 1937 1092 1996 alligare,
1144 1935 1199 1981 ad
1251 1933 1426 1980 Cretam
1477 1933 1709 1993 appellere.

186 2006 302 2051 Raro
340 2008 528 2067 refigere
567 2010 787 2054 notionem
819 2011 1079 2054 resolvendi·
1098 2010 1249 2063 habet,
1283 2008 1357 2054 sed
1387 2008 1480 2066 ipse
1494 2006 1710 2052 -Catullus

185 2076 235 2124 eo
266 2080 330 2124 ita
357 2081 499 2124 utitur
530 2081 603 2133 63,
608 2081 693 2126 84:

401 2154 470 2196 Ait
499 2154 604 2198 haee
633 2156 780 2199 minax
814 2156 975 2214 Cybebe
1005 2157 1237 2213 reliyatque
1267 2156 1369 2211 iuqa
1400 2168 1540 2200 mana.

187 2225 245 2269 Et
276 2201 463 2283 religare
501 2226 650 2270 funem
686 2228 729 2270 in
763 2225 927 2271 Cretam
964 2231 1139 2286 poterat
1171 2227 1361 2272 Theseus
1400 2226 1498 2280 dici,
1531 2243 1628 2272 cum
1663 2226 1708 2273 in

186 2316 235 2344 eo
267 2302 392 2353 esset,
424 2302 474 2343 ut
506 2299 692 2344 Athenis
725 2301 769 2344 in
802 2299 978 2345 Cretam
1009 2301 1369 2358 proficisceretur
1422 2299 1569 2359 Atque
1601 2301 1707 2347 haec

187 2372 475 2427 constructio,
514 2387 778 2431 quamquam
809 2376 996 2431 utraque
1026 2374 1243 2431 scriptura
1280 2377 1397 2418 recte
1434 2374 1518 2418 dici
1550 2378 1709 2432 potest,

186 2449 236 2488 ut
286 2445 434 2501 paullo
486 2446 736 2490 inusitatior
787 2450 872 2499 est,
925 2448 989 2490 ita
1036 2448 1262 2503 aliquanto
1315 2448 1522 2492 maiorem
1574 2449 1708 2492 habet

185 2517 369 2573 speciem
400 2517 609 2561 veritatis.
674 2517 902 2563 Praeterea
933 2518 1165 2571 sententia,
1204 2533 1316 2576 quae
1347 2519 1460 2563 inest
1490 2519 1534 2563 in
1566 2520 1707 2566 altera

185 2590 400 2646 scriptura
430 2591 473 2633 in
508 2590 646 2642 Creta,
688 2591 769 2635 hoc
799 2592 892 2634 loco
923 2606 1007 2635 non
1039 2591 1145 2635 satis
1178 2595 1285 2648 apta
1315 2594 1395 2643 est,
1428 2606 1525 2635 cum
1556 2592 1708 2637 eadem

186 2656 293 2706 aliis>
312 2661 454 2725 verbis
481 2677 682 2720 expressa
702 2664 790 2709 iam
811 2664 856 2708 in
879 2665 1070 2709 versibus
1090 2664 1446 2722 praecedentibus
1469 2664 1709 2709 habeatur:

400 2736 590 2792 Iuppiter
620 2741 888 2796 omnipotens,
909 2741 1079 2782 ⁴utt‘nam
1109 2753 1162 2782 ne
1192 2744 1377 2795 tempore
1404 2740 1540 2794 primo

404 2812 558 2853 Gnosia
593 2811 821 2868 Cecropiae
850 2813 1073 2867 tetiyissent
1104 2813 1246 2855 littora
1276 2826 1451 2867 puppes.

186 2883 327 2934 Quare
366 2885 409 2927 in
450 2884 614 2928 Crelam
653 2883 875 2929 Catullum
913 2884 1131 2941 scripsisse
1170 2899 1404 2938 censemuS,
1444 2885 1706 2943 scripturam

1439 2947 1463 2981 4
