2087 3321
1041 212 1100 259 60

306 329 358 371 de
408 344 453 372 re
488 329 746 377 -Schwabius
794 333 837 375 in
885 331 1074 377 editione
1106 348 1148 389 p.
1171 333 1255 376 .VI
1295 349 1395 378 ann.
1435 335 1493 378 20
1536 334 1660 379 haec:
1709 337 1833 379 credo

306 409 445 446 autem
492 419 656 448 versum
702 408 811 449 hune
858 406 901 448 iu
948 407 1091 449 codice
1130 408 1347 451 veronensi
1383 422 1519 462 paene
1556 408 1831 451 oblitteratum

304 477 436 530 fuisse
471 473 524 510 ——'
572 479 812 521 sumendum
852 484 910 521 est
956 479 1039 522 duo
1080 469 1288 528 neinimu'm
1324 480 1489 523 scribas
1529 495 1583 525 ex
1619 482 1834 524 veronensi

310 551 453 594 codice
484 553 633 594 librum
667 552 819 595 Catulli
840 552 1122 608 descripsisse,
1145 567 1317 609 quorum
1341 554 1449 595 alter
1468 555 1669 609 reliquias
1692 569 1831 597 versus

306 624 416 666 itlius
446 630 588 667 leuues
627 626 872 680 ueyleyerel‚
916 626 1023 668 aller
1057 616 1234 679 fideliter
1264 629 1465 668 servaret.
1544 625 1605 669 At
1637 640 1716 670 nos
1748 640 1831 670 non

307 695 370 737 bis
407 698 599 748 tantum,
630 696 704 739 sed
737 701 894 753 quater
924 696 1150 740 minimum
1183 697 1368 742 codicem
1390 695 1430 739 V
1453 697 1720 754 descriptum
1742 711 1833 741 esse

305 766 500 811 vidimus,
570 766 688 813 Nam
727 772 902 826 praeter
942 770 1027 814 duo
1054 770 1144 815 illa
1183 770 1459 829 apographa,
1502 784 1613 827 quae
1651 771 1831 827 propter

304 839 438 883 libros
469 839 506 884 G
545 843 590 885 et
623 841 660 886 O
699 842 906 893 sumenda
944 847 1068 899 sunt,
1109 845 1289 889 tertium
1324 859 1483 902 ponere
1525 843 1744 897 debemuS‚
1777 857 1831 886 ex

303 927 387 969 quo
420 911 606 959 derivati
639 918 742 959 sunt
773 916 884 960 liber
915 916 953 960 B
991 919 1035 961 et
1066 917 1108 961 ei
1138 918 1213 974 qui
1244 933 1343 963 cum
1374 917 1411 961 B
1441 918 1697 975 plerumque
1727 931 1830 960 con·

302 987 521 1041 sentiunt,
569 991 778 1045 quartum
810 988 994 1046 denique
1034 989 1141 1034 illud
1175 992 1280 1045 erit,
1321 1006 1374 1035 ex
1405 1005 1490 1047 quo
1522 990 1653 1034 codex
1684 989 1724 1032 D
1755 988 1830 1033 de-

304 1059 492 1116 scriptus
525 1063 604 1105 est.
668 1060 922 1105 Ponendum
954 1061 1092 1120 igitur
1123 1049 1190 1105 est
1229 1080 1256 1107 a
1288 1063 1429 1106 tribus
1461 1061 1653 1106 librariis
1683 1060 1756 1119 qui
1788 1059 1827 1101 V

300 1132 604 1177 describebant
625 1134 829 1191 omissum
851 1149 941 1178 esse
964 1149 1136 1179 versum
1159 1133 1298 1187 illum,
1322 1134 1378 1177 ab
1399 1150 1487 1178 uno
1508 1149 1594 1177 non
1611 1134 1828 1179 omissum.

301 1206 449 1261 Atque
496 1205 817 1250 concedendum
865 1210 933 1251 est
980 1206 1079 1251 hinc
1125 1205 1316 1263 aliquem
1360 1221 1457 1251 cum
1504 1204 1829 1265 probabilitatis

301 1278 489 1335 quadam
522 1279 662 1335 specie
691 1283 998 1336 argumentum
1020 1284 1168 1337 petere
1190 1294 1325 1336 posse,
1358 1295 1444 1336 quo
1465 1280 1584 1323 nisus
1606 1279 1658 1322 de
1681 1294 1828 1323 versus

299 1352 419 1396 illius
465 1350 724 1410 integritate
770 1352 955 1399 dubitet.
1029 1351 1088 1398 Et
1134 1353 1282 1398 eadem
1329 1366 1425 1397 cum
1473 1352 1613 1410 specie
1659 1367 1826 1396 omnem

299 1425 434 1469 codici
456 1422 504 1469 D'
530 1425 839 1469 auctoritatem
870 1426 1083 1485 denegare
1116 1425 1293 1482 poterit.
1337 1425 1458 1469 Haec
1488 1439 1590 1469 vero
1611 1425 1828 1470 dubitatio

299 1497 496 1554 profecto
528 1512 615 1542 non
648 1501 824 1542 tantum
858 1499 988 1553 valet,
1021 1501 1072 1542 ut
1104 1513 1154 1542 ea
1186 1512 1297 1555 quae
1329 1497 1471 1542 adhuc
1492 1512 1590 1542 cum
1611 1497 1664 1542 d'e
1684 1496 1827 1542 codice

301 1571 341 1613 D
374 1575 470 1615 tum
502 1571 555 1615 de
586 1571 667 1615 hoc
701 1587 829 1615 versu
861 1571 1138 1616 disseruimus
1169 1572 1299 1615 irrita
1330 1572 1455 1616 fiant.
1518 1571 1605 1615 Sed.
1622 1570 1826 1615 audacter

299 1643 522 1690 credemus
544 1658 714 1689 versum
736 1644 862 1688 illum
884 1644 930 1688 in
953 1642 1007 1697 V,
1041 1643 1225 1689 fortasse
1247 1643 1294 1688 in
1315 1643 1527 1702 margine,
1561 1642 1825 1699 adscriptum

299 1716 430 1762 fuisse
468 1720 514 1760 et
554 1733 581 1761 a
621 1717 839 1775 plerisque
878 1717 1070 1762 librariis
1109 1716 1378 1773 neglectum,
1425 1717 1481 1761 ab
1519 1731 1605 1760 uno
1639 1714 1827 1759 fideliter

300 1791 529 1835 exaratum
561 1805 666 1835 esse.

420 1864 494 1915 97,
496 1863 546 1906 5
1809 1905 1811 1907 .

420 1935 515 1981 Hoc
554 1937 648 1980 loco
690 1936 781 1994 ipse
822 1901 1126 1980 Lachmannus
1164 1935 1326 1980 iniuria
1359 1934 1524 1980 Datani
1564 1935 1825 1994 scripturam

299 2013 543 2067 suspectam
576 2010 749 2054 videtur
781 2009 1006 2062 habuisse;
1039 2011 1191 2053 scribit
1222 2010 1298 2054 ille
1329 2024 1500 2053 versum
1531 2010 1614 2053 sic:

518 2086 626 2129 Nam
658 2085 747 2128 siue
778 2084 969 2128 dentibus
1000 2091 1073 2129 est.
1114 2085 1193 2128 Hic
1224 2085 1358 2128 dentis
1388 2084 1699 2140 sesquipedalis.

299 2157 420 2204 Libri
452 2159 650 2215 plerique
692 2157 903 2201 exhibent
936 2160 1069 2201 dentis
1105 2172 1274 2213 seseque
1305 2159 1480 2210 dedali-s,
1514 2155 1553 2198 D
1585 2158 1719 2200 dentis
1749 2159 1823 2200 hos

297 2233 628 2289 sexquipedalis,
678 2246 861 2289 quocum
904 2232 948 2275 et
986 2230 1101 2276 Rice.
1142 2234 1187 2275 et
1229 2246 1254 2274 a
1289 2229 1477 2284 faciunt,
1519 2229 1603 2274 nisi
1634 2230 1748 2288 quod
1778 2230 1821 2274 in

298 2304 415 2349 Rice.
447 2320 508 2358 os,
541 2305 587 2348 in
620 2320 646 2348 a
678 2319 724 2348 os
756 2318 880 2360 esque
910 2304 1075 2359 pedalis
1106 2304 1316 2360 scriptum
1348 2305 1428 2348 est.
1491 2302 1691 2347 Editores
1722 2305 1823 2360 post

298 2377 569 2423 Lachmanni
606 2379 800 2423 aetatem
844 2392 994 2421 omnes
1044 2377 1322 2421 retinuerunt
1363 2391 1508 2421 vocem
1539 2391 1607 2429 ως
1648 2379 1693 2420 et
1729 2376 1822 2420 iure

298 2452 381 2496 hoc
412 2452 617 2496 videntur
649 2452 819 2496 fecisse.
861 2450 1146 2507 oppositionis
1176 2465 1306 2494 causa
1337 2450 1451 2494 enim
1483 2465 1535 2495 ea
1571 2450 1821 2508 requiritur.

300 2524 382 2569 Sed
432 2526 508 2570 alii
562 2525 648 2569 alio
704 2526 796 2570 loco
850 2540 943 2569 eam
985 2526 1243 2581 posuerunt,
1297 2523 1596 2569 Froehlichius
1635 2523 1822 2581 Heysius

298 2597 553 2642 Schwabius
585 2598 875 2642 Baehrensius
907 2611 1077 2641 versum
1110 2597 1170 2639 sic
1200 2596 1420 2641 scribunt:

515 2673 623 2714 Nam
649 2674 742 2714 sine
774 2673 962 2715 dentibus
993 2678 1065 2714 est.
1123 2672 1180 2713 Os
1211 2672 1349 2713 dentis
1380 2671 1694 2725 sesquipedalis.

297 2743 444 2802 Atque
477 2744 586 2790 duae
618 2759 772 2790 causae
804 2744 1005 2790 videntur
1036 2743 1223 2802 cogitari
1254 2758 1390 2801 posse,
1428 2743 1585 2801 quibus
1616 2742 1821 2788 commoti

297 2817 359 2861 sic
398 2818 671 2862 scribendum
718 2831 810 2861 esse
852 2820 1073 2861 censeant:
1128 2819 1206 2860 aut
1244 2817 1360 2860 enim
1398 2818 1665 2874 putaverunt
1716 2816 1819 2860 sub-

295 2891 540 2936 stantivum
587 2907 634 2936 os
674 2906 752 2948 per
792 2905 981 2935 errorem
1020 2892 1241 2934 mutatum
1280 2905 1370 2934 esse
1406 2890 1452 2934 in
1484 2904 1630 2934 vocem
1662 2890 1729 2931 In'c
1763 2913 1816 2919 —
