2087 3321
5 178 13 185 ⁸
0 0 59 134 ²⁶43&

59 0 93 39 ἡ

273 401 416 447 sterni
450 402 591 455 quetis.
637 397 826 450 Quorum
866 400 1016 442 utrum
1043 386 1280 457 eligamus,
1321 392 1568 457 pendet'ex
1584 417 1662 455 eo,
1695 389 1816 460 quid?

275 470 514 525 iudicemus
546 472 597 516 de
629 471 774 516 hiatu:
808 473 958 514 utrum
980 469 1203 516 Catullum
1236 486 1332 516 eum
1365 472 1413 517 in
1444 466 1665 522 caesuram
1698 464 1821 534 pen?

276 546 455 589 tametri
494 544 716 590 admisisse
752 558 998 588 censeamus
1047 559 1193 588 necne.
1273 544 1471 590 Pertinet
1508 551 1657 600 autem
1675 582 1679 587 .
1697 549 1804 594 haee

276 617 328 661 de
362 616 487 673 hiatu
526 617 724 673 quaestio
759 632 842 661 non
876 617 1016 662 solum
1047 617 1098 662 ad
1136 615 1248 662 hunc
1280 618 1436 672 locum,
1480 619 1553 665 sed
1585 621 1717 670 etiam
1730 621 1802 667 *ad

275 691 468 746 quinque
492 690 615 742 alios,
648 704 835 746 quorum
855 705 942 734 uno
965 690 1115 735 itidem
1136 691 1300 735 codices
1321 692 1437 736 inter
1460 707 1505 736 se
1527 691 1802 740 dissentiunt.
1842 685 1901 753 «53

275 761 355 806 Est
377 762 422 806 *is
455 777 604 807 versus
638 763 696 807 10
728 762 933 809 carminis
966 763 1049 807 76:

495 837 637 889 Quare
668 851 745 880 cur
777 844 817 880 te
848 840 933 881 iam
966 839 1146 895 amplius
1177 841 1425 892 ecccrucies?

274 909 344 953 Sic
391 910 504 953 enim
552 910 596 952 in
638 910 692 954 Οχ
722 915 767 954 et
805 911 842 954 G
883 915 928 955 et
965 912 1184 968 plerisque
1223 912 1439 957 codicibus
1472 914 1686 971 scriptum
1719 916 1799 958 ege,
1887 932 1905 950 -,

270 982 472 1029 Datanus
504 999 602 1028 cum
643 984 817 1029 asseclis
856 984 943 1030 suis
976 998 1124 1029 rursus
1161 985 1297 1030 alium
1338 987 1568 1032 verborum
1607 987 1801 1032 ordinem
1837 986 1840 987 ⁷
1942 982 1956 991 ⁹

275 1056 466 1109 exhibet,
500 1072 587 1113 quo
619 1057 767 1102 hiatus
799 1058 1013 1106 evitatur:

496 1132 639 1184 Quare
670 1134 758 1194 iam
789 1137 828 1175 te
861 1146 937 1179 cur
969 1134 1149 1189 amplius
1180 1135 1410 1177 excrucies.

272 1201 421 1247 Ceteri
452 1207 663 1260 quattuor
695 1204 780 1249 loci
812 1208 916 1249 sunt
950 1205 1098 1258 66,48.
1135 1205 1313 1258 68‚158.
1347 1206 1466 1261 97‚2.
1501 1206 1664 1260 67‚44:‘

490 1281 695 1335 Iuppiter,
729 1286 774 1322 ul
808 1281 1034 1337 Chalybum
1069 1296 1186 1324 omne
1217 1296 1345 1337 yenus
1374 1287 1532 1338 pereat.

492 1354 528 1396 A
561 1368 643 1409 quo
674 1359 770 1397 suut
801 1356 937 1410 primo
970 1356 1110 1399 omnia
1140 1359 1245 1398 nata
1276 1354 1397 1399 bono.

494 1427 638 1469 Utrum
670 1441 717 1470 os
749 1441 806 1470 au
838 1429 974 1470 culum
1006 1429 1231 1483 olfacerem
1263 1428 1450 1470 Aemilio.

490 1500 639 1555 Speret
671 1514 748 1544 nec
779 1502 961 1556 linquam
994 1514 1083 1544 esse
1114 1515 1189 1544 nec
1222 1500 1469 1544 auriculam.

269 1572 462 1623 Quorum
510 1574 656 1615 tamen
704 1587 727 1615 e
773 1586 954 1623 numero
1002 1576 1185 1629 quartus
1233 1573 1512 1617 removendus
1557 1574 1636 1623 est,
1685 1572 1798 1627 quod

248 1645 582 1704 >grammaticae
622 1645 784 1704 regulis
824 1649 868 1690 et
899 1645 1142 1691 sententiae
1184 1645 1352 1700 ratione
1384 1643 1683 1689 coniunctivus
1715 1644 1797 1689 im-

268 1718 452 1775 perfecti
485 1718 755 1774 postulatur-3
789 1734 874 1774 quo
906 1720 1113 1762 restituto
1146 1719 1232 1762 iam
1268 1718 1409 1761 hiatui
1442 1718 1560 1761 locus
1591 1731 1678 1761 non
1709 1720 1796 1761 est:

489 1792 640 1846 Spera
650 1798 727 1840 ret
758 1805 833 1835 nec
864 1794 1047 1847 linquam
1079 1807 1167 1835 esse
1198 1807 1274 1835 uec
1306 1792 1551 1834 auriculam.

269 1861 352 1907 Sed
401 1863 533 1906 etiam
579 1863 733 1907 ceteris
766 1863 907 1907 tribus
945 1863 1062 1915 locis,
1105 1862 1524 1920 quamquamromni
1564 1862 1798 1906 offensione

266 1937 432 1990 carent,
466 1935 651 1980 editores
684 1939 859 1994 praeter
891 1935 1102 1994 Heysium
1133 1938 1179 1979 et
1212 1935 1409 1981 Ellisium
1442 1948 1591 1980 omnes
1624 1934 1796 1979 hiatum

268 2011 568 2061 removerunt:

487 2083 692 2138 Iuppiter,
726 2089 771 2125 ut
806 2083 1043 2139 Chalybon
1075 2096 1193 2124 omne
1224 2096 1353 2137 yeuus
1384 2088 1544 2137 pereat.

487 2156 519 2197 A
554 2169 636 2210 quo
667 2155 767 2199 suut'
793 2158 929 2210 primo
961 2158 1024 2197 mi
1056 2157 1195 2198 omnia
1226 2160 1330 2197 nala
1362 2156 1482 2198 bono.

489 2228 706 2288 Utrumne
736 2242 783 2271 os
815 2242 872 2271 an
904 2228 1039 2270 culum
1065 2228 1297 2282 olfacerem
1330 2227 1514 2270 Aemilio.

267 2297 452 2343 Videtur
484 2299 583 2343 illos
617 2301 813 2352 movisse,
848 2300 961 2356 quod
986 2299 1094 2343 haec
1125 2313 1236 2355 quae
1259 2298 1374 2355 apud
1396 2297 1618 2342 Catullum
1642 2302 1797 2344 extant

265 2371 464 2429 exempla
498 2373 626 2418 unica
659 2376 761 2417 sunt
800 2373 948 2418 hiatus
988 2372 1032 2416 in
1067 2386 1290 2417 caesuram
1323 2366 1588 2428 pentametri
1620 2368 1820 2437 admissi·
1858 2359 1861 2362 ’
1888 2417 1891 2420 s
1945 2365 2075 2409 ·.

265 2460 401 2504 eaque
448 2445 596 2491 omnia
644 2446 762 2491 facili
806 2460 938 2504 opera
985 2445 1196 2489 removeri
1237 2446 1431 2502 possunt.
1491 2440 1574 2497 Sed
1599 2457 1714 2487 -cum
1745 2443 1797 2487 de

265 2520 394 2565 hiatu
424 2523 523 2578 post
555 2519 771 2577 syllabam
802 2519 937 2579 longa
970 2519 1108 2563 vocali
1141 2521 1219 2562 a'ut
1244 2531 1431 2562 consona
1453 2532 1493 2561 m
1514 2517 1795 2562 terminatum

264 2595 309 2638 in
342 2593 459 2638 arsin
492 2593 735 2638 hexametri
766 2592 954 2638 admisso
985 2607 1071 2636 non
1104 2592 1329 2636 dubitetur
1367 2616 1424 2623 --
1461 2590 1597 2634 eidem
1632 2591 1796 2636 scilicet

264 2666 464 2720 editores,
497 2665 635 2711 veluti
664 2666 885 2724 Hauptius
917 2669 961 2709 et
983 2665 1030 2708 L.
1055 2665 1253 2716 Mueller,
1287 2678 1412 2720 quem
1437 2678 1489 2707 ex
1512 2662 1795 2719 pentametris

265 2738 527 2784 Catullianis
560 2739 837 2797 expulerunt,
870 2740 913 2782 in
937 2739 1213 2784 hexametros
1244 2736 1359 2794 apud
1383 2725 1604 2781 Catullum
1627 2732 1816 2789 (66‚11.,
1876 2744 1879 2749 ⁴

270 2811 437 2870 107‚1)‚
470 2812 694 2856 Tibullum
728 2812 769 2869 (1
801 2811 941 2868 5‚33)‚
977 2810 1253 2868 Propertium
1288 2807 1373 2867 (111
1400 2809 1514 2863 15‚1.
1548 2807 1616 2852 111
1648 2805 1831 2864 3255„

267 2884 329 2929 [V
363 2885 484 2942 7,49)
518 2885 788 2930 admiserunt
812 2910 864 2916 —
891 2899 979 2930 non
1015 2888 1079 2929 est
1112 2899 1228 2936 sane,
1262 2898 1338 2927 cur
1370 2898 1467 2926 eum
1499 2881 1544 2925 in
1574 2893 1794 2924 caesuram
