2087 3321
1036 221 1109 265 32,

299 340 454 384 borum
484 340 847 385 constructionem
879 342 1213 399 grammaticam
1245 346 1510 401 spectamus;
1541 344 1610 389 sin
1642 346 1817 388 senten-

298 413 462 456 tiarum
501 427 660 458 nexum
696 413 970 469 respicimus,
1009 427 1149 470 neque
1187 415 1292 471 quid
1330 416 1469 463 ironia
1499 417 1581 462 hoc
1612 417 1705 462 loco
1735 416 1819 460 sibi

299 486 406 530 velit
437 486 543 530 satis
574 488 759 543 apparet
790 499 930 543 neque
961 486 1137 531 omnino
1166 486 1402 544 explicatio
1432 488 1512 534 illa
1542 490 1650 536 satis
1679 489 1820 535 facere

297 561 452 615 potest.
513 557 812 603 Certissimum
844 558 960 602 enim
993 561 1061 602 est
1091 560 1281 617 primum
1312 574 1485 606 versum
1514 577 1613 608 cum
1643 563 1688 608 in
1719 562 1819 608 uni-

300 645 470 675 versum
509 630 777 675 simillimam
816 632 959 676 versui
998 633 1127 676 alteri
1174 633 1376 678 habuisse
1410 637 1695 690 sententiam,
1737 638 1820 681 nisi

297 702 411 759 quod
449 702 497 746 in
534 702 613 747 illo
653 703 705 748 de
747 703 889 758 hirc0,
930 703 977 749 in
1018 705 1100 750 hoc
1131 705 1184 750 de
1214 705 1408 765 podagra
1439 706 1673 765 agebatur,
1722 711 1820 753 tum

295 776 508 832 imprimis
547 790 649 819 voce
688 775 841 819 similis
881 778 1092 831 notionis,
1140 778 1261 822 cuius
1299 778 1344 820 in
1383 778 1524 824 altero
1561 783 1707 825 merito
1738 787 1817 835 est,

216 903 219 905 v
294 863 393 892 eum
424 863 570 893 carere
602 863 692 893 non
721 849 927 906 potuisse.
992 850 1214 908 Hauptius
1246 850 1439 907 quidem,
1478 866 1741 910 quamquam
1773 856 1819 897 et

299 921 392 977 ipse
423 921 670 965 huiusmodi
702 935 847 965 vocem
880 921 1114 979 desiderat,
1156 926 1302 968 tamen
1332 925 1542 969 concessit
1572 939 1698 984 posse
1729 925 1819 970 for-

295 998 411 1039 tasse
457 995 657 1040 voculam
703 998 848 1040 merito
897 994 1037 1039 altero
1085 1011 1211 1041 versu
1257 998 1447 1054 positam
1493 999 1548 1042 ad
1584 1002 1818 1056 utrumque

293 1068 526 1125 respicere;
575 1068 681 1112 mihi
728 1083 784 1113 ne
820 1067 902 1113 hoc
939 1066 1113 1125 quidem
1144 1068 1462 1114 concedendum
1494 1070 1687 1122 videtur3
1735 1068 1817 1114 hac

294 1140 409 1183 euim
426 1142 579 1185 vocula
595 1142 727 1197 primi
737 1156 883 1185 versus
897 1155 983 1184 non
999 1141 1142 1184 minus
1151 1155 1283 1197 quam
1294 1141 1474 1185 alterius
1483 1141 1548 1185 vis
1556 1141 1822 1194 continetur,

292 1212 375 1256 hac
408 1214 562 1257 vocula
601 1214 761 1257 nititur
798 1213 960 1257 ironice
990 1213 1184 1270 positum
1214 1213 1324 1257 illud
1355 1216 1527 1269 mirifice
1558 1213 1671 1271 quod
1703 1212 1818 1257 infra

291 1286 502 1338 infertum
544 1301 594 1329 ea
634 1286 773 1345 igitur
805 1300 935 1343 aegre
966 1288 1012 1329 in
1043 1287 1185 1342 primo
1216 1300 1343 1340 versu
1374 1301 1590 1337 caremus;
1635 1300 1816 1342 eamque

291 1359 582 1406 nanciscimur
627 1360 863 1417 probantes
910 1373 1041 1416 quam
1084 1357 1304 1415 Hauptius
1351 1359 1556 1416 probavit
1602 1357 1815 1403 Italorum

289 1431 583 1475 coniecturam
612 1435 651 1475 si
682 1435 779 1489 quoi
809 1435 900 1475 iure
932 1434 1051 1476 bono.
1101 1431 1152 1474 In
1175 1433 1296 1476 exitu
1316 1432 1447 1489 primi
1468 1446 1616 1475 versus
1636 1430 1815 1475 Ellisius

290 1503 487 1562 Hauptio
528 1505 793 1562 astipulatus
833 1509 912 1558 est,
961 1505 1035 1549 sed
1074 1504 1363 1549 Baehrensius
1403 1505 1522 1550 nisus
1562 1505 1704 1549 codice
1737 1519 1814 1548 suo

290 1576 548 1631 Oxoniensi,
587 1579 663 1635 qui
700 1594 780 1636 pro
817 1580 1058 1622 ceterorum
1098 1577 1309 1622 librorum
1344 1578 1562 1635 scriptura
1592 1592 1812 1623 sacrorum

289 1651 471 1705 praebet
516 1657 802 1702 sacratorum,
847 1651 908 1693 sic
955 1665 1126 1694 versum
1164 1666 1190 1693 a
1228 1649 1402 1694 Catullo
1439 1649 1682 1706 profectum
1723 1664 1814 1693 esse

289 1722 372 1766 sibi
404 1722 645 1781 persuasit:

508 1797 555 1838 Sa·
585 1798 698 1853 quoi,
737 1798 871 1849 Virro,
904 1798 1011 1840 bono
1042 1802 1310 1840 sacratorum
1341 1797 1496 1840 obstitit
1526 1797 1680 1841 hircus,

288 1867 408 1919 Quae
441 1869 571 1913 verba
602 1870 814 1926 quomodo
847 1869 912 1914 vir
941 1870 1092 1914 doctus
1113 1870 1314 1928 intellegi
1336 1869 1455 1921 velit,
1488 1883 1567 1913 nec
1588 1868 1680 1926 ipse
1702 1868 1808 1913 dicit

289 1956 367 1985 nec
406 1941 515 1984 mihi
555 1943 662 1986 satis
710 1946 896 1988 constat.
961 1941 1181 1987 Firmatur
1227 1946 1371 1986 autem
1420 1941 1635 1998 scriptura
1682 1956 1812 1998 quam

287 2013 508 2073 Hauptius
548 2017 819 2060 commendat
850 2032 973 2061 sacer
1004 2020 1170 2061 alarum
1203 2018 1356 2061 obstitit
1386 2018 1527 2060 hircus
1562 2015 1641 2059 hoc
1670 2014 1811 2060 Ovidii

287 2090 381 2133 loco
413 2089 514 2134 fast.
546 2087 592 2131 II
624 2090 735 2132 441:

504 2164 684 2206 Italidas
714 2170 884 2216 matres,
916 2166 1062 2219 inquil,
1094 2179 1218 2207 sacer
1248 2165 1388 2206 hircus
1418 2165 1533 2214 inito,

285 2249 371 2278 non
405 2235 653 2279 testimonio
685 2234 840 2279 Isidori
873 2235 1156 2293 Hispalensis,
1197 2236 1272 2292 qui
1303 2236 1350 2280 in
1382 2236 1494 2279 libro
1526 2234 1577 2279 de
1608 2234 1810 2279 differen-

285 2308 358 2351 tiis
418 2311 627 2352 sermonis
690 2310 842 2354 laudat
895 2310 1026 2353 verba
1079 2324 1202 2353 sacer
1254 2312 1394 2352 hircus
1446 2324 1533 2352 non
1585 2307 1808 2351 nominato

285 2382 515 2438 scriptore;
565 2383 600 2426 is
647 2383 759 2426 enim
810 2398 909 2436 non,
958 2386 1007 2426 ut
1053 2382 1274 2439 Hauptius
1321 2380 1643 2438 suspicabatur,
1693 2380 1809 2423 hunc

286 2453 449 2497 Catulli
497 2455 655 2507 locum,
704 2456 775 2499 sed
815 2456 962 2512 potius
1004 2455 1206 2499 Ovidium
1247 2454 1420 2498 videtur
1457 2453 1693 2510 respexisse
1733 2451 1809 2511 (cf.

283 2526 407 2571 Ellis.
447 2527 538 2573 ed.¹
584 2544 626 2585 p.
661 2528 726 2572 VI
764 2545 865 2574 ann,
906 2529 969 2586 3).
1033 2528 1256 2572 Firmatur
1298 2531 1444 2571 autem
1482 2542 1606 2570 sacer
1644 2530 1809 2570 alarum

282 2604 510 2658 praeterea
527 2601 744 2659 scriptura
762 2602 918 2646 codicis
938 2601 1258 2647 Osaoratorum
1289 2599 1535 2645 exhibentis
1567 2599 1728 2644 litteris
1762 2607 1805 2644 at

281 2675 533 2731 compendio
565 2675 754 2732 scriptia
809 2675 922 2719 Nam
954 2676 1068 2732 quod
1102 2676 1259 2717 mirum
1293 2672 1429 2716 videri
1460 2676 1650 2729 poterat,
1683 2688 1807 2717 sacer

282 2751 446 2792 alarum
485 2748 532 2793 in
570 2764 789 2793 sacrorum
821 2751 1074 2806 corruptum
1096 2764 1205 2802 esse,
1246 2749 1288 2793 id
1320 2763 1405 2805 qua
1438 2747 1608 2792 ratione
1639 2747 1805 2792 factum

280 2824 339 2864 sit
371 2837 424 2865 ex
458 2818 539 2865 hac
572 2823 789 2878 scriptura
822 2823 907 2866 iam
940 2823 1125 2865 dilucide
1158 2821 1433 2877 perspicitur.

402 2908 507 2960 97‚3
