2087 3321
1008 215 1066 261 54

399 336 530 381 Hunc
571 352 743 382 versum
780 339 867 381 iam
907 352 1039 394 supra
1076 338 1136 395 (p.
1179 338 1256 396 33)
1296 339 1357 383 sic
1394 337 1666 384 scribendum
1705 351 1796 381 esse

277 410 575 467 probavimus:
1501 425 1503 427 ’

495 497 590 540 Nilo
620 496 813 539 mundius
842 496 936 547 hoe,
967 495 1173 551 nihiloque
1203 497 1453 541 immundior
1480 497 1565 540 ille..
1598 465 1600 468 ἡ

277 581 332 625 In
365 581 404 624 D
436 593 584 624 versus
613 579 680 621 ita·
710 579 914 622 exaratus
945 581 1032 623 est:

494 666 633 709 Nihilo
664 664 857 708 mundior
886 666 964 708 hoe
994 666 1121 709 nihilo
1149 666 1398 709 immundior
1425 665 1497 709 illo
1532 648 1535 651 Δ

279 754 325 794 et
356 749 583 795 Schwabio
621 750 735 794 teste
772 765 799 793 a
835 749 1022 795 secunda
1061 765 1194 794 manu
1233 752 1335 795 ante
1372 763 1517 794 vocem
1554 750 1802 793 immundior

279 822 475 868 additum
508 826 576 868 est
606 823 785 867 verbum
818 830 890 867 est.
956 821 1038 867 Sed
1070 823 1177 868 haec
1208 838 1347 881 neque
1379 812 1526 867 addito
1556 822 1635 866 illo
1670 821 1802 867 verbo

279 911 418 954 neque
449 896 607 941 omisso
629 896 893 940 sententiam
914 896 1125 954 praebent
1148 911 1329 954 eamque
1360 896 1415 941 ob
1446 910 1619 940 causam
1650 910 1677 939 a
1707 909 1802 938 cor-

280 973 449 1013 rectore
482 971 581 1013 orta
613 983 703 1013 esse
741 983 826 1012 non
859 971 1054 1031 possunt.
1119 968 1202 1013 Sed
1233 983 1331 1013 cum
1362 970 1403 1014 D
1434 969 1654 1014 derivatus
1685 966 1803 1011 vide-

281 1045 383 1087 atur
432 1057 485 1086 ex
523 1042 666 1087 codice
706 1043 782 1099 qui
821 1041 1075 1087 correctoris
1115 1057 1288 1086 manum
1327 1057 1478 1100 passus
1517 1047 1633 1095 erat,
1674 1041 1803 1085 facile

280 1116 421 1161 oritur
453 1115 652 1174 suspicio,
684 1131 739 1160 ne
760 1116 925 1161 Datani
955 1115 1161 1161 librarius
1193 1114 1423 1174 archetypi
1454 1106 1521 1160 sui
1543 1115 1804 1174 scripturam

281 1206 307 1234 a
355 1193 596 1234 correctore
643 1189 720 1233 illo
768 1190 967 1235 effectam
1015 1189 1377 1246 pessumdederit3
1425 1203 1476 1233 ea
1523 1188 1639 1232 haud
1678 1188 1805 1234 dubie

283 1263 390 1306 haec
421 1261 528 1305 fuit:

498 1347 593 1390 Nilo
639 1347 834 1390 mundior
885 1348 951 1389 hic
1004 1345 1081 1403 (sc.
1123 1345 1285 1404 culus),
1338 1348 1501 1403 niloque
1553 1347 1804 1391 immundior

1198 1421 1269 1464 illo
1302 1417 1379 1479 (sc.
1410 1420 1518 1479 ore).

283 1504 429 1561 Atque
470 1505 516 1548 in
558 1503 641 1549 hac
680 1505 813 1549 verba
843 1507 1092 1550 immundior
1122 1508 1194 1550 illo
1224 1506 1390 1550 censori
1423 1505 1807 1563 deberi-apparem

282 1577 355 1621 sed
396 1577 574 1621 difficile
613 1577 897 1631 diiudicatur,
945 1580 1096 1622 utrum
1132 1581 1359 1635 nihiloque,
1398 1594 1479 1638 pro
1516 1594 1601 1636 quo
1633 1578 1671 1622 G
1709 1593 1806 1622 cum

284 1650 438 1694 ceteris
475 1650 694 1707 plerisque
729 1665 970 1707 perperam
1001 1653 1200 1709 nobisque
1231 1651 1429 1705 exhibet,
1472 1652 1720 1696 coniectura
1751 1651 1807 1696 ab

285 1723 433 1767 eodem
471 1722 729 1781 indagatum
770 1723 829 1767 sit
869 1740 927 1768 an
965 1739 988 1767 e
1028 1725 1141 1767 bono
1180 1724 1300 1768 fonte
1337 1724 1527 1769 fluxerit,
1590 1725 1807 1781 Nihiloque

286 1811 367 1853 pro
399 1798 598 1852 nobisque
629 1795 875 1841 coniectura
907 1798 1135 1841 inventum
1166 1812 1258 1841 esse
1289 1798 1329 1841 ei
1359 1799 1537 1854 ponent,
1576 1796 1651 1853 qui
1682 1796 1722 1839 D
1755 1811 1808 1839 ex

285 1867 323 1911 G
355 1867 601 1913 derivatum
641 1882 732 1912 esse
770 1868 935 1913 volunt.
1000 1868 1052 1914 Id
1089 1870 1184 1913 fieri
1222 1869 1415 1928 potuisse
1446 1883 1532 1913 non
1563 1867 1808 1927 praefracte

285 1941 538 1999 negaverim
577 1956 715 1998 neque
754 1956 856 1985 vero
896 1941 1084 1987 libenter
1120 1942 1338 1999 posuerim
1377 1942 1543 1986 factum
1581 1956 1686 1987 esse.
1748 1941 1808 1985 Et

286 2015 323 2057 si
354 2013 513 2059 codicis
545 2012 582 2058 Ο
614 2014 913 2059 testimonium
945 2014 1211 2073 respicimus,
1251 2031 1304 2060 ex
1335 2030 1434 2074 quo.
1451 2017 1658 2072 nihiloque
1689 2015 1732 2058 in
1766 2013 1807 2057 V

286 2088 417 2132 fuisse
448 2090 634 2141 constat,
665 2088 702 2132 si
734 2087 840 2132 duos
871 2088 970 2132 illos
988 2088 1114 2133 'locos
1136 2089 1400 2147 respicimus,
1432 2088 1484 2132 de
1506 2088 1663 2145 quibus
1684 2089 1809 2132 modo

286 2162 467 2218 egimus,
500 2160 769 2216 probabilius
799 2160 1018 2204 videbitur
1048 2161 1181 2205 etiam
1203 2162 1285 2206 hoc
1304 2161 1400 2206 loco
1420 2161 1653 2220 genuinam
1673 2160 1810 2218 scrip-

286 2236 433 2278 turam
465 2248 518 2278 ex
549 2231 592 2276 V
623 2233 670 2277 in
700 2231 742 2277 D
774 2233 1013 2280 transiisse.
1485 2248 1487 2250 ’

389 2306 574 2353 ,Eadem
618 2309 685 2351 est
722 2307 838 2352 ratio
877 2307 1064 2352 aliorum
1106 2307 1376 2366 quorundam
1411 2307 1622 2361 locorum,
1656 2306 1812 2365 quibus

287 2396 385 2425 cum
418 2380 456 2425 Ο
495 2382 541 2424 et
572 2381 613 2425 D
652 2381 698 2424 in
737 2395 841 2425 vera
879 2380 1097 2438 scriptura
1128 2381 1419 2434 consentiant,
1460 2379 1499 2424 G
1529 2383 1682 2425 contra
1712 2395 1810 2425 cum

288 2453 444 2498 ceteris
505 2453 725 2512 plerisque
777 2456 1029 2512 corruptam
1081 2453 1310 2512 praebeat,
1364 2453 1609 2510 quaeritur,
1662 2456 1811 2498 utrum

288 2527 455 2572 Datani
501 2527 720 2585 scriptura
764 2527 1000 2575 correctori
1045 2527 1255 2573 debeatur
1300 2543 1358 2573 an
1400 2542 1457 2571 ex
1499 2526 1740 2585 archetypo
1769 2526 1810 2570 V

289 2600 478 2646 fluxerit.
542 2599 656 2646 Sunt
688 2600 778 2646 eius
809 2599 981 2660 generis
1013 2599 1079 2647 hi:

412 2675 517 2730 80‚6

511 2750 703 2794 Grandia
734 2756 773 2793 te
804 2751 928 2793 medii
958 2756 1102 2794 tenta
1132 2764 1285 2794 vorare
1316 2752 1409 2794 oiri.

583 2822 620 2868 O
652 2824 743 2868 tnta
836 2821 876 2865 D
909 2829 1023 2867 lenta
1114 2820 1189 2866 GL
1221 2829 1341 2867 tanta

418 2894 551 2948 7636
