2087 3321
964 203 1024 249 45

235 328 382 371 tantos
434 325 631 371 vocn'la'm
676 326 768 378 illa,
821 338 932 382 quae
979 340 1239 384 quamquam
1289 324 1531 382 suspicione
1577 326 1753 370 carebat

235 396 499 443 Baehrensio
545 397 751 443 mutanda
798 400 919 442 erat.>
986 399 1165 443 Proram
1210 401 1358 442 autem
1406 398 1659 454 putabimus
1697 401 1753 443 ab

235 470 382 515 eodem
422 473 681 527 correctore,
721 486 847 529 quem
888 473 975 516 iam
1014 472 1185 530 saepius
1223 471 1268 514 in
1300 469 1338 515 Ο
1377 469 1752 527 deprehendimuS‚
1795 481 1800 486 ·

236 543 435 588 effectum
473 559 563 589 esse
599 560 652 589 ex
689 546 893 602 corrupto
936 547 1154 601 primam.
1184 543 1477 590 nominativus
1510 545 1755 601 Amphitrite

234 615 426 660 dubitari
456 621 600 674 potest
629 622 777 662 utrum
808 618 866 661 ab
896 617 1041 661 eodem
1073 618 1293 674 profectus
1325 633 1384 662 an
1415 617 1501 661 iam
1531 621 1636 662 ante
1657 633 1755 663 eum

235 690 399 732 scribae
436 689 718 733 describentis
756 703 902 734 errore
938 688 1097 733 lineola
1133 704 1261 746 super
1297 706 1319 734 e
1350 690 1508 735 omissa
1541 704 1596 734 ex
1627 705 1756 735 accu-

236 760 376 805 sativo
407 762 679 817 Amphitriten
711 763 832 804 ortus
863 762 934 804 sit.

358 833 492 887 64‚15

355 905 483 950 Hunc
515 919 685 949 versum
718 904 778 947 sic
810 920 836 948 a
869 903 1042 948 Catullo
1072 904 1304 960 scriptum:

449 980 691 1035 Aequoreae
722 985 944 1022 monstrum
979 975 1176 1021 Nereides
1208 979 1463 1022 admirantes

233 1051 397 1096 codices
429 1053 603 1108 praeter
641 1049 679 1095 Ο
711 1054 827 1096 recte
857 1051 1087 1103 exhibent3
1125 1052 1278 1095 contra
1309 1048 1346 1094 Ο
1382 1050 1517 1096 habet
1548 1054 1593 1096 in
1626 1069 1750 1098 versu

450 1125 620 1181 Equore
650 1125 876 1168 monstrum
909 1112 1106 1167 Nereides
1135 1124 1393 1168 admirantes

234 1199 278 1240 et
317 1197 361 1239 in
401 1197 597 1255 margine
635 1196 903 1253 adscriptum
945 1200 1012 1239 est
1049 1198 1095 1240 al
1122 1203 1409 1242 monstrorum.
1476 1199 1751 1245 Monstromm

232 1268 539 1327 interpolatori
577 1268 857 1313 tribuendum
888 1271 973 1322 est,
1013 1283 1130 1322 cum,
1169 1283 1429 1327 quamquam
1461 1270 1593 1313 verba
1623 1284 1751 1314 sensu

233 1346 399 1395 carent,
435 1345 580 1386 tamen
614 1342 812 1385 mutandi
832 1342 1063 1386 consilium
1083 1357 1136 1386 ex
1158 1343 1347 1387 numeris
1368 1358 1516 1387 versus
1538 1344 1755 1389 restitutis

232 1417 539 1473 cognoscatur3
587 1415 638 1458 de
685 1414 805 1458 cuius
843 1416 1013 1472 generis
1052 1415 1461 1472 interpolationibus
1500 1414 1670 1473 egimus
1709 1416 1755 1460 in

230 1488 374 1545 priore
423 1489 549 1544 parte
579 1487 633 1531 ad
667 1486 783 1539 73‚3.
810 1487 851 1532 4.
882 1488 937 1532 cf.
969 1503 1013 1545 p.
1044 1487 1088 1531 5.
1139 1486 1222 1531 Sed
1258 1488 1452 1532 dubitari
1489 1490 1653 1544 potest,
1698 1504 1755 1532 an

233 1568 509 1603 monstrorum.
538 1561 593 1603 ab
625 1560 773 1602 eodem
803 1563 1042 1607 correctore
1062 1560 1307 1616 profectum
1328 1561 1398 1614 sit,
1433 1576 1563 1617 quem
1586 1561 1754 1614 61‚106

234 1635 347 1677 lenta
377 1633 452 1676 sed
482 1634 527 1675 et
558 1631 723 1685 64‚139
756 1634 913 1678 blanda
944 1632 1255 1692 excogitavisse
1287 1632 1487 1679 vidimus.

354 1705 560 1749 Dubitari
592 1708 749 1762 potest,
781 1722 887 1750 num
918 1706 1002 1750 hue
1033 1707 1254 1764 pertineat
1286 1706 1418 1751 etiam
1449 1706 1581 1760 527:

455 1779 543 1822 Uno
572 1780 616 1822 in
647 1780 821 1823 lectulo
853 1781 1047 1823 erudituli
1078 1781 1212 1823 ambo.

234 1848 303 1893 Sic
341 1848 611 1894 Lachmanni
650 1851 814 1900 codices
853 1856 898 1895 et
937 1850 975 1895 G
1013 1866 1184 1896 versum
1227 1851 1448 1897 exhibent.
1516 1851 1582 1895 De
1614 1852 1755 1905 hiatu,

233 1923 308 1978 qui
341 1922 554 1966 neminem
586 1925 699 1968 male
730 1924 891 1970 habere
921 1924 1064 1977 debet,
1097 1922 1295 1968 conferas
1326 1923 1374 1968 L.
1407 1922 1605 1969 Mueller.
1635 1925 1688 1969 de
1718 1940 1755 1971 r.

233 2010 288 2040 m.
310 2011 354 2051 p.
377 1995 463 2039 307
497 2010 579 2052 sq.;
612 1997 726 2053 apud
749 1996 977 2042 Catullum
1010 1996 1095 2039 duo
1126 1999 1351 2052 praeterea
1372 1997 1559 2041 eiusdem
1585 2000 1756 2056 generis

233 2071 405 2121 extant,
439 2069 569 2123 97‚1:
1703 2072 1707 2082 ’

453 2143 547 2185 Non
577 2145 639 2185 ita
660 2157 724 2185 me
755 2145 802 2185 dt
837 2151 987 2196 ament,
1021 2146 1241 2200 quicquam
1270 2145 1432 2197 referre
1459 2147 1607 2198 putavi

236 2220 281 2258 et
312 2214 441 2267 55,4:

451 2288 505 2331 Te
535 2290 579 2331 in
610 2291 736 2340 circo,
769 2289 811 2331 te‘
837 2291 881 2331 in
911 2290 1100 2331 omnibus
1129 2290 1286 2331 libellis.

233 2360 293 2404 Et
324 2362 498 2418 poterat
529 2359 572 2403 id
603 2360 716 2417 quod
749 2358 786 2403 Ο
818 2358 951 2404 habet

460 2435 548 2479 Uno
579 2437 623 2478 in
654 2435 874 2477 lecticulo
906 2434 1099 2476 erudituli
1131 2434 1253 2477 ambo

234 2505 336 2549 inde
367 2506 486 2561 oriri,
519 2508 633 2564 quod
665 2509 881 2552 corrector
912 2506 1081 2549 hiatum
1114 2507 1416 2551 removendum
1449 2520 1540 2554 esse
1565 2510 1756 2563 putaret.

235 2576 333 2621 Non
370 2582 436 2622 est
467 2580 618 2638 igitur,
650 2596 727 2626 cur
759 2581 904 2625 lectulo
935 2581 1187 2636 corruptum
1217 2593 1308 2623 esse
1337 2579 1542 2624 dicamus.
1607 2577 1759 2637 Neque

236 2665 338 2695 vero
379 2667 475 2697 eam
514 2653 775 2711 scripturam
815 2668 962 2698 veram
998 2666 1087 2696 esse
1118 2654 1285 2696 certum
1317 2656 1397 2697 est.
1460 2651 1572 2696 Nem
1604 2667 1761 2710 quam-

233 2740 364 2782 quam
397 2741 554 2771 nornen
583 2730 1027 2785 leeticuluanusquam
1048 2726 1155 2770 alibi
1176 2726 1381 2779 occurrit,
1412 2728 1558 2771 tamen
1579 2726 1760 2772 dubium

235 2815 321 2843 non
355 2802 434 2854 est,
476 2800 583 2857 quin
614 2801 845 2846 secundum
878 2800 1050 2859 regulas
1080 2800 1287 2843 sermonis
1314 2799 1465 2847 ,Latini
1496 2799 1541 2843 id
1572 2800 1760 2844 formare

234 2874 426 2925 licuerit3
459 2877 503 2917 et
534 2877 688 2918 notum
719 2877 785 2918 est
817 2874 1038 2918 Catullum
1072 2874 1291 2918 adamasse
1323 2874 1533 2918 voeabula
1565 2875 1760 2918 deminu-
