2087 3321
1030 218 1085 262 18

291 337 453 382 sionem
502 338 817 384 restituendam
862 354 1002 396 neque
1048 339 1234 396 denique
1271 341 1453 386 omnino
1501 340 1670 385 videtur
1707 353 1810 391 esse,

290 428 368 458 cur
420 413 555 457 talem
601 411 920 470 responsionem
966 412 1098 457 fuisse
1128 426 1396 465 censeamus·
1462 412 1651 467 Accedit,
1698 414 1811 471 quod

290 486 573 543 participium
619 492 885 540 prosternens
922 484 1029 529 satis
1068 484 1187 528 facili
1227 498 1373 528 errore
1411 501 1438 529 a
1468 485 1648 531 librario
1684 486 1812 532 scribi

290 562 466 616 poterat
511 558 660 615 paullo
708 557 991 602 antecedente
1035 556 1269 614 participio
1305 572 1600 614 praecerpens.v
1670 561 1811 613 Quare

292 638 525 688 prosternet
558 647 583 675 a
616 630 897 674 Lachmanno
930 631 1046 673 recte
1078 629 1326 686 praelatum
1358 644 1449 674 esse
1481 632 1760 680 arbitramur.

412 705 544 758 44,ss
1361 720 1364 722 ’

511 777 752 820 Orationem
783 778 1063 820 minantium
1093 778 1334 832 petitorum
1376 765 1379 767 Δ

508 851 681 893 Plenam
710 852 856 893 veneni
886 857 924 892 et
953 851 1213 904 pestilentiae
1245 851 1335 904 leqi.

412 920 537 965 Prior
585 937 733 967 versus
781 921 1052 965 Lachmanni
1094 921 1219 965 libris
1257 921 1317 965 sic
1356 921 1564 979 traditur,
1611 923 1680 966 uti
1714 939 1811 968 eum

290 995 513 1052 adscripsi.
578 994 699 1038 Idem
739 996 784 1041 in
817 994 855 1038 G
895 1011 921 1038 a
959 997 1201 1039 correctore
1233 995 1431 1039 effectum
1466 999 1533 1041 est
1563 1012 1617 1041 ex
1646 997 1812 1055 primae

290 1084 444 1113 manus
476 1069 713 1126 scriptura:

511 1142 711 1185 Oratione
741 1143 982 1184 minantium
1009 1144 1240 1196 petitorem,

291 1214 490 1271 Apparet
527 1216 675 1257 autem
713 1214 826 1257 hanc
865 1212 1146 1269 scripturam,
1186 1228 1296 1269 quae
1333 1213 1482 1257 eadem
1520 1215 1564 1258 in
1598 1215 1635 1260 Ο
1675 1220 1812 1270 extat,

289 1287 485 1343 proxime
507 1286 561 1330 ad
583 1301 734 1331 verum
755 1287 976 1331 accedere:
1010 1286 1239 1330 dummodo
1260 1287 1391 1331 verba
1412 1280 1529 1331 recte
1551 1287 1812 1343 distinxerim

290 1361 333 1404 id
365 1360 478 1417 quod
510 1361 598 1404 iam
630 1358 738 1404 Itali
768 1359 977 1413 fecerunt,
1011 1375 1161 1403 verum
1193 1360 1348 1405 habes:

510 1434 751 1477 Orationem
780 1435 824 1476 in
857 1433 1023 1476 Antium
1054 1436 1284 1489 petitorem.

289 1506 445 1550 Altera
492 1510 640 1550 autem
688 1505 766 1548 illa
813 1507 912 1549 orta
957 1509 1025 1549 est
1070 1522 1096 1549 a
1127 1506 1308 1550 librario
1345 1508 1552 1563 quodam,
1599 1507 1674 1563 qui
1713 1522 1810 1552 cum

289 1580 554 1625 sententiam
602 1578 832 1622 restituere
871 1581 1102 1641 conaretur
1148 1581 1194 1622 et
1231 1580 1495 1624 sententiam
1533 1583 1578 1623 et-
1622 1582 1810 1623 metrum

286 1655 419 1709 plane
450 1651 754 1709 pessumdedit.

409 1725 546 1780 45‚10

505 1799 568 1841 At
599 1798 745 1840 Acme
777 1800 921 1841 leviter
953 1803 1081 1852 caput
1111 1797 1335 1851 reflectens.

409 1867 679 1914 Lachmanni
700 1870 803 1914 libri
825 1870 1035 1914 exhibent
1056 1871 1113 1913 ad
1132 1872 1242 1914 hanc
1262 1885 1338 1922 me,
1372 1868 1414 1911 in
1438 1867 1476 1912 G
1498 1872 1724 1914 exaratum
1746 1873 1812 1914 est

286 1946 344 1986 ad
374 1943 455 1986 Ιιᾶσ
486 1958 564 1995 me,
597 1943 669 1986 sed
704 1942 874 2000 virgula
905 1942 983 1985 illa
1016 1945 1066 1985 ut
1093 1941 1357 1985 Baehrensio
1390 1942 1529 1985 visum
1561 1945 1627 1984 est
1659 1959 1685 1986 a
1717 1958 1811 1986 cor-

286 2020 452 2060 rectore
484 2015 648 2069 addita,
683 2014 719 2058 Ο
751 2015 933 2071 praebet
966 2017 1022 2058 ad
1053 2017 1134 2059 hac
1164 2030 1239 2058 me.

409 2087 513 2143 62,8
1348 2142 1351 2145 Ι

504 2163 576 2204 Sic
607 2167 701 2204 cert
709 2167 803 2204 est.-
834 2162 956 2204 viden
987 2166 1031 2203 ut
1056 2163 1282 2215 perniciter
1311 2163 1524 2204 exiluere?

405 2234 674 2278 Lachmanni
706 2234 809 2278 libri
840 2233 1046 2277 exhibent
1078 2240 1209 2286 certe,
1249 2234 1363 2278 idem
1395 2234 1440 2278 in
1479 2233 1516 2277 G
1556 2236 1698 2288 extat,
1738 2234 1810 2278 sed

282 2312 382 2365 post
421 2323 568 2352 vocem
608 2314 717 2350 certe
754 2307 863 2351 duae
902 2307 1079 2350 litterae
1119 2322 1265 2351 era-sae
1303 2312 1418 2351 sunt.
1496 2307 1746 2359 Schwabius
1786 2324 1810 2352 a

281 2382 424 2437 prima
464 2395 597 2424 manu
636 2387 784 2423 certest
815 2381 1025 2436 scriptum
1058 2394 1148 2423 esse
1180 2381 1387 2435 putabat,
1436 2380 1506 2423 sed
1540 2394 1637 2422 cum
1669 2381 1811 2435 prima

281 2453 438 2497 codicis
470 2452 507 2496 G
539 2468 695 2496 manus
735 2467 905 2509 semper
945 2453 1033 2495 fere
1065 2468 1162 2496 cum
1195 2448 1422 2508 scripturis
1453 2453 1606 2496 codicis
1640 2452 1676 2496 Ο
1708 2468 1810 2496 con-

280 2526 467 2578 sentiat,
509 2532 618 2569 certe
658 2528 715 2578 si,
756 2525 870 2582 quod
908 2525 951 2567 in
991 2524 1027 2570 Ο
1066 2527 1295 2569 exaratum
1335 2526 1421 2577 est,
1467 2525 1512 2568 in
1546 2523 1584 2568 G
1616 2524 1811 2569 extitisse

280 2614 416 2655 paene
447 2602 615 2642 certum
647 2602 726 2643 est.
780 2600 947 2643 Rursus
978 2599 1120 2656 igitur
1147 2600 1364 2654 scriptura
1396 2599 1587 2641 codicum
1623 2598 1662 2641 D
1695 2602 1740 2641 et
1761 2599 1810 2650 L,

278 2686 409 2728 quam
443 2671 620 2716 eandem
655 2676 872 2718 corrector
905 2674 950 2716 in
974 2670 1011 2715 G
1045 2672 1210 2724 intulit,
1243 2671 1499 2730 integritate
1530 2672 1659 2729 longe
1685 2687 1810 2729 supe-

278 2749 402 2787 ratur
442 2761 468 2787 a
506 2745 650 2788 codice
690 2745 727 2787 Ο
760 2748 804 2785 et
846 2759 871 2786 a
903 2744 1046 2799 prima
1088 2760 1219 2787 manu
1252 2744 1407 2786 codicis
1440 2744 1499 2795 G3
1547 2746 1713 2788 accedit
1745 2745 1812 2787 his

278 2819 505 2874 praeterea
544 2817 588 2861 in
628 2817 710 2862 hoc
750 2816 941 2860 carmine
973 2816 1227 2870 Thuaneus,
1266 2817 1342 2873 qui
1384 2817 1531 2861 eadem
1564 2821 1696 2873 atque
1730 2815 1810 2869 illi,

275 2890 348 2933 sed
383 2890 514 2933 aliter
545 2891 752 2934 distincta
789 2893 922 2932 sie-cer
952 2897 1012 2933 tes
1044 2893 1058 2931 i
1089 2890 1280 2934 exhibet.
