2087 3321
977 216 1039 261 31·

249 351 426 406 61‚102.
459 350 637 405 64‚105.
687 349 740 395 In
771 349 924 395 ceteris
954 349 1079 394 libris
1109 363 1277 407 semper
1309 350 1419 397 velut
1445 353 1671 395 exaratum
1693 356 1760 396 est

248 427 428 481 excepto
457 424 539 468 hoc
570 439 656 468 nno
686 424 738 468 de
767 423 1033 482 quo'agitur
1061 422 1168 468 loco.

371 495 666 614 llssssarm'na
695 572 755 613 nti
784 579 947 625 possem
976 569 1137 611 mittere
1169 569 1422 613 Battiadae

371 677 420 721 Iu
445 678 482 723 O
502 680 719 738 scriptum¹
735 681 803 723 est
822 641 999 730 badade,
1030 677 1158 733 quod,
1189 677 1227 720 si
1247 676 1551 737 Baehrensio*)
1573 678 1692 732 fides,
1719 683 1764 723 et

251 751 460 797 Batiadae
503 754 548 797 et
596 750 829 795 Bau-iudae
873 764 964 795 esse
1006 751 1165 807 potest.
1239 748 1291 793 In
1341 751 1496 795 ceteris
1542 750 1761 797 codicibus

213 872 216 875 ⁴
250 823 500 879 compendio
530 837 730 879 perverse
760 823 978 879 explicato
1009 822 1197 867 habetur
1228 823 1432 870 batriade.

374 894 471 946 71‚1

305 1001 310 1005 .
372 967 456 1011 Hic
492 982 638 1011 versus
675 968 907 1013 levioribus
943 968 1198 1025 quibusdam
1234 968 1474 1024 scripturae
1509 968 1765 1027 differentiis

254 1040 432 1085 omissis·
451 1040 512 1085 sic
542 1040 588 1084 in
619 1040 743 1084 libris
774 1043 950 1099 praeter
982 1040 1019 1085 O
1051 1043 1198 1094 extat:

383 1132 388 1138 ·
458 1115 518 1156 'Si
549 1128 647 1171 qua
677 1116 797 1158 viro
828 1115 935 1158 bono
965 1127 1235 1158 sacrorum
1266 1114 1421 1170 obstitit
1451 1115 1602 1160 hircus.

246 1183 348 1241 'Qua
378 1200 430 1228 ex
461 1186 676 1243 scriptura
707 1186 927 1244 Hauptius
957 1188 1004 1230 in
1020 1179 1192 1242 ³quaest.
1240 1183 1286 1230 Ο.
1308 1176 1351 1241 Ρ.
1375 1176 1429 1228 91
1455 1185 1544 1245 (οΡ.
1567 1186 1600 1232 1.
1623 1202 1664 1244 Ρ.
1687 1187 1765 1244 66)

255 1273 354 1302 usus
370 1256 583 1303 Italorum
600 1260 858 1303 coniecturis
872 1273 1042 1303 versum
1059 1257 1119 1303 sic
1130 1257 1440 1302 restituendum
1455 1273 1545 1303 esse
1558 1260 1766 1317 putabat:

470 1334 516 1375 Si
547 1336 644 1394 quoi
673 1336 764 1376 iure
796 1334 904 1376 bono
933 1346 1057 1375 sacer
1088 1333 1253 1375 alarum
1284 1333 1438 1375 obstitit
1469 1335 1623 1390 hircus.

256 1403 482 1448 Editorum
512 1407 612 1461 post
648 1405 773 1449 illum
814 1405 891 1449 alii
923 1402 1149 1463 (Heysiu5‚
1188 1401 1460 1464 Schwabius)
1499 1419 1597 1449 eum
1628 1406 1767 1450 secuti

254 1479 370 1528 sunt,
403 1477 479 1519 alii
499 1491 601 1528 nou,
633 1478 795 1533 partim
817 1476 904 1520 alia
925 1475 1139 1519 Italorum
1159 1475 1385 1519 conamina
1405 1478 1768 1530 commendatum,

255 1548 415 1605 partim
464 1564 540 1593 suo
586 1547 730 1593 Marte
775 1564 887 1594 nova
932 1548 1212 1606 proferentes.
1275 1547 1399 1592 Inter
1444 1564 1548 1606 quos
1589 1549 1768 1593 Ellisius

256 1615 331 1679 qui
363 1622 548 1676 scribit:⁴

475 1696 521 1738 si
552 1698 663 1752 quoi,
701 1696 835 1748 Virro,
868 1697 973 1739 bono
1002 1709 1125 1738 sacer
1157 1697 1322 1739 alarum
1353 1698 1507 1740 obstitit
1537 1698 1680 1740 hircus

257 1769 300 1811 id
332 1768 538 1826 neglexit,
576 1769 690 1825 quod
720 1768 940 1826 Hauptius
969 1784 1012 1825 p.
1046 1768 1102 1812 67
1136 1769 1373 1814 rectissime
1406 1772 1571 1813 monet:
1626 1771 1771 1813 Virro

257 1843 294 1884 si
326 1841 575 1897 probamus,
626 1843 732 1884 alius
770 1843 908 1884 etiam
931 1842 1133 1884 vocabuli,
1159 1842 1336 1883 mutatio
1378 1843 1628 1896 requirunt&
1673 1856 1771 1885 nam

259 1915 386 1957 bono
420 1916 500 1957 nisi
532 1916 648 1957 aliud
678 1916 779 1969 quid
809 1916 982 1968 accedit,
1014 1915 1117 1957 nihil
1133 1918 1270 1968 polest
1289 1915 1539 1969 siqnificare.
1589 1914 1770 1959 Studuit

259 1985 431 2042 quidem
482 1985 549 2030 vir
595 1985 746 2030 doctus
792 1987 1008 2044 explicare
1052 1985 1163 2029 illud
1207 1987 1313 2030 bono
1363 1986 1410 2029 in
1461 1986 1771 2031 commentario

258 2074 301 2114 p.
335 2058 439 2111 347,
479 2059 552 2102 sed
591 2059 705 2115 quod
745 2058 808 2102 ibi
846 2059 952 2104 dicit
989 2060 1123 2103 verba
1161 2062 1197 2103 si
1237 2063 1305 2102 cni
1335 2061 1441 2104 bono
1473 2062 1626 2104 obstitit
1658 2060 1770 2103 idem

260 2145 350 2175 esse
382 2146 431 2175 ac
463 2131 499 2175 si
531 2131 729 2176 Catullus
759 2131 957 2176 dixisset:
984 2135 1032 2183 vsi
1062 2135 1129 2176 cui
1160 2134 1266 2176 bono
1296 2133 1376 2187 fuit
1409 2134 1627 2189 (profuit),
1659 2134 1771 2190 quod

260 2206 400 2253 hircus
437 2207 640 2258 obstaret,
688 2204 918 2249 verendum
967 2208 1047 2258 est,
1092 2220 1146 2249 ne
1192 2205 1325 2249 verba
1371 2205 1450 2249 illa
1495 2206 1552 2249 ab
1599 2206 1771 2250 homine

260 2277 456 2334 Romano
502 2294 588 2322 non
635 2280 695 2322 sic
741 2277 966 2321 intellecta
999 2279 1100 2323 sint.
1165 2277 1315 2335 Neque
1354 2278 1438 2335 ipsi
1474 2278 1628 2324 Ellisio
1667 2279 1772 2322 haec

261 2350 493 2408 explicatio
525 2351 695 2394 videtur
726 2349 850 2393 valde
880 2349 1105 2406 placuisse,
1138 2366 1236 2394 nam
1269 2351 1419 2408 paullo
1448 2352 1548 2408 post
1579 2348 1771 2392 dativum

263 2426 368 2468 bono
398 2424 627 2482 coniungit
655 2439 751 2467 cum
772 2422 1025 2480 pronomine
1047 2426 1115 2466 cui
1139 2449 1192 2456 --
1215 2423 1359 2467 reddit
1379 2424 1491 2468 euim
1513 2423 1773 2467 seutentiam

262 2511 409 2540 versus
441 2496 510 2539 his
540 2496 703 2539 verbis:
737 2497 784 2550 If
810 2497 921 2538 there
950 2510 1041 2539 was
1072 2510 1100 2539 a
1129 2497 1240 2551 qood
1270 2498 1364 2539 sou!
1393 2498 1476 2541 etc.
1514 2520 1567 2526 -—
1600 2497 1645 2537 et
1674 2509 1772 2537 cum

265 2564 459 2625 εἰρωνείᾳ
487 2567 674 2625 quadam
718 2568 879 2613 dic-tum
922 2583 1011 2612 esse
1050 2570 1156 2612 bono
1192 2571 1336 2629 putat.
1399 2568 1459 2611 Et
1490 2568 1603 2618 hanc
1633 2567 1775 2624 expli-

263 2641 476 2684 cationem
529 2641 796 2687 concedimus
836 2641 1013 2685 tolerari
1058 2655 1200 2698 posse,
1247 2641 1457 2697 siquidem
1502 2640 1640 2684 solam
1678 2654 1775 2683 ver-

361 2749 395 2838 t)
420 2749 465 2785 In
492 2749 573 2786 eius
598 2750 791 2796 apparatu
813 2749 910 2787 haec
929 2749 1043 2786 huius
1060 2747 1276 2795 compendii
1293 2749 1429 2784 extant
1446 2747 1640 2836 οιοωΡέα.
1666 2747 1724 2791 62,
1727 2748 1773 2784 21
1828 2772 1837 2781 .

267 2856 398 2885 amata
424 2848 463 2884 in
480 2847 523 2893 O,
541 2848 623 2893 63,9
647 2810 768 2883 mag
756 2846 798 2884 in
824 2847 867 2893 Ο,
893 2846 952 2891 64,
954 2847 1025 2883 292
1052 2820 1158 2883 ⁴icum
1182 2845 1223 2882 in
1248 2844 1290 2889 Ο,
1308 2845 1367 2891 39,
1369 2846 1417 2883 20
1441 2817 1634 2892 εωροῑίτιον
1658 2846 1698 2881 in
1724 2843 1763 2882 G

266 2920 313 2945 ex
338 2908 502 2946 Bonneti
526 2907 747 2945 testimonio
772 2908 845 2945 hoc
869 2908 954 2945 loco
980 2907 1164 2955 scriptum
1192 2906 1250 2943 est
1275 2906 1398 2952 expolv
1394 2904 1485 2942 ¹t’or.
