2087 3321
1005 222 1062 266 58

278 341 396 382 tibris
444 344 620 385 omissus
669 345 767 398 quin
805 356 834 384 a
875 344 1035 385 Catullo
1071 345 1286 398 profectus
1322 346 1376 387 eit
1413 351 1452 387 et
1489 350 1662 400 propter
1700 346 1801 388 illud

276 414 466 467 [uturum
500 422 696 474 exactum
729 416 902 458 audiero
933 424 1056 458 sensu
1087 416 1291 459 subtiliori
1319 403 1498 471 positum
1526 432 1650 474 quam
1681 432 1799 473 quem

275 488 553 543 interpolator
600 488 770 545 quidam
803 489 1069 544 repperisset,
1117 493 1157 530 et
1194 494 1369 545 propter
1415 490 1609 534 hennam
1656 505 1799 535 versus

276 562 398 604 huius
428 564 472 604 in
503 563 672 604 Datano
703 567 742 603 et
763 561 960 604 Parisino
989 563 1132 616 priore
1162 568 1375 604 extantem
1404 564 1447 604 in
1480 564 1654 619 aliisque
1685 566 1800 608 libris

277 635 401 679 oar-io
430 634 552 677 modo
585 634 796 689 eaepletam
826 634 1014 677 dubitari
1043 649 1126 678 non
1156 641 1305 690 potest.
1352 633 1501 691 Atque
1530 634 1638 680 haec
1659 636 1800 682 altera

277 706 403 756 ratio,
437 708 488 751 ut
518 705 639 763 prius
671 706 723 750 de
755 706 839 750 hac
876 706 1098 760 disseram,
1130 721 1216 751 non
1247 709 1363 752 recte
1395 706 1593 751 videatur
1623 722 1800 765 prorsus

279 779 520 835 spernenda
569 788 675 822 esse.
753 778 906 822 Potuit
954 779 1148 836 quidem,
1197 782 1285 824 sive
1333 796 1358 824 a
1396 779 1569 824 Catullo
1615 780 1705 829 siye
1742 783 1798 825 ab

276 850 591 907 interpolatore
639 865 787 896 versus
836 851 912 894 ille
955 851 1178 910 profectus
1224 854 1312 907 est,
1352 852 1466 906 fieri,
1505 855 1556 896 ut
1593 851 1798 897 librarius

275 939 437 968 vocemv
468 925 663 981 aliquam
701 925 846 982 spatio
886 926 1039 969 relicto
1069 927 1318 979 omitteret,
1355 926 1469 983 quod
1506 927 1550 969 iu
1590 941 1640 970 eo
1671 926 1805 979 libro,-

273 1012 328 1042 ex
375 1012 460 1055 quo
508 997 802 1051 describebat,
852 998 1155 1056 neglegentius
1204 998 1367 1056 scripta
1408 1002 1538 1053 esset,
1579 1014 1708 1057 quam
1747 1002 1798 1045 ut

273 1070 400 1115 facile
449 1070 538 1129 legi
584 1074 741 1128 posset.
804 1069 888 1116 Sed
928 1071 1078 1128 paullo
1117 1071 1387 1129 probabilius
1407 1067 1493 1115 'est
1530 1088 1678 1117 vocem
1716 1072 1797 1117 tali

273 1143 399 1187 modo
445 1143 725 1188 obliteratam
772 1145 818 1188 in
862 1144 1005 1189 codice
1052 1145 1224 1189 vetusto
1271 1145 1316 1187 et
1361 1143 1535 1202 integro
1581 1160 1712 1202 quam
1750 1146 1796 1191 in

275 1230 402 1259 versu
448 1227 603 1262 recens·
635 1218 692 1261 ab
731 1218 1048 1274 interpolatore
1088 1216 1306 1272 adscripto
1347 1217 1555 1262 extitisse.
1618 1218 1798 1264 Accedit

273 1304 373 1333 usus
406 1290 546 1334 futuri
586 1292 729 1336 exacti
766 1292 954 1335 audiero.
1017 1289 1216 1337 Utuntur
1246 1289 1360 1333 enim
1393 1288 1541 1334 Latini
1572 1292 1654 1338 hoc
1685 1294 1798 1336 tem-

271 1378 378 1420 pore
409 1365 627 1421 saepicule
658 1364 734 1417 ibi,
767 1364 841 1407 ubi
873 1377 950 1408 nos
981 1364 1166 1421 simplex
1197 1362 1393 1406 futurum
1422 1363 1689 1417 adhibemus,
1722 1363 1795 1420 (ef.
1855 1397 1857 1399 -
1884 1389 1887 1391 ‡

271 1435 467 1496 Madvig.
507 1452 578 1494 op.
619 1436 752 1494 prior.
793 1453 837 1495 p.
878 1436 957 1495 97)
988 1437 1244 1494 plerumque
1277 1435 1360 1490 ita,
1401 1440 1451 1479 ut
1481 1436 1693 1481 indicetur
1724 1451 1796 1481 ac·

273 1511 439 1554 tionem
471 1511 666 1567 aliquam
689 1510 806 1554 haud
828 1510 957 1554 dubie
979 1510 1186 1566 nullaque
1208 1523 1329 1552 mora
1351 1509 1611 1566 interposita
1632 1509 1796 1564 factum

276 1583 344 1638 iri,
378 1584 517 1628 veluti
549 1582 637 1628 Cic.
672 1583 727 1627 ad
758 1583 856 1628 Att.
891 1582 957 1627 ΙΙΙ
983 1583 1105 1635 19,1;
1138 1597 1343 1638 nusquam
1374 1584 1543 1637 facilius
1573 1585 1682 1626 hanc
1712 1585 1795 1625 mi-
1879 1636 1880 1639 Ἴ

272 1658 494 1706 §enimam
532 1659 662 1700 vitam
693 1658 758 1699 oet
786 1657 1026 1700 sustentabo
1071 1657 1150 1707 vel,
1195 1656 1305 1711 quod
1361 1657 1486 1699 multo
1524 1663 1593 1699 est
1630 1657 1794 1709 melius,

272 1731 490 1782 abiecero,
538 1729 594 1774 ad
633 1729 730 1774 Att.
764 1727 805 1772 V
840 1728 934 1781 1,3:
981 1736 1024 1771 tu
1064 1730 1197 1772 invita
1235 1730 1445 1782 mulieres,
1484 1743 1560 1785 eqo
1603 1731 1795 1772 accivere

269 1817 438 1859 pueros,
471 1815 551 1859 pro
577 1803 732 1846 Plane.
765 1802 920 1856 33,79:
959 1803 1088 1844 'inulto
1124 1802 1244 1844 citius
1275 1815 1409 1845 meam
1438 1803 1615 1845 salutem
1645 1815 1725 1856 pro
1757 1808 1796 1843 te

273 1878 465 1920 abiecero
497 1890 623 1933 quam
658 1876 730 1919 Cn.
761 1877 924 1918 Plaucii
953 1875 1128 1918 salutem
1160 1875 1374 1917 tradidero
1407 1877 1655 1919 contentioni
1684 1882 1794 1926 tuae,

272 1948 325 1992 de
356 1938 447 2005 r'ep.
480 1947 502 1991 I
536 1947 689 2001 13,20:
731 1949 833 1990 nihil
862 1953 923 1990 est
951 1948 1092 1989 ‘adhuc
1132 1948 1386 2002 disputatum
1421 1953 1474 2000 et,
1507 1950 1703 2004 quoniam
1736 1954 1795 1991 est

269 2025 495 2078 intey'r‘um,
535 2023 709 2065 libenter
740 2023 814 2064 tibi
854 2028 898 2063 ut
933 2022 985 2064 de
1018 2035 1066 2063 eo
1099 2021 1282 2063 disseras
1314 2022 1500 2075 equidem
1533 2036 1794 2071 concessero3

269 2095 490 2139 interdum
519 2098 668 2140 autem
699 2093 835 2138 etiam
862 2093 939 2147 ita,
962 2095 1012 2136 ut
1034 2106 1167 2149 quam
1186 2093 1242 2137 ob
1264 2107 1356 2137 rem
1378 2093 1576 2137 {uturum
1590 2095 1795 2138 exactum

269 2168 458 2226 simplici
495 2169 644 2213 futuro
683 2169 932 2226 praelatum
971 2166 1049 2217 sit,
1098 2181 1185 2209 non
1224 2167 1499 2223 dispiciatur,
1536 2167 1795 2223 praesertim

269 2256 368 2285 cum
399 2241 456 2291 „in
495 2242 644 2286 eodem
682 2240 916 2284 enuntiato
951 2237 1073 2282 nulla
1111 2252 1240 2283 causa
1277 2239 1503 2296 perspicua
1535 2238 1590 2282 ab
1621 2251 1709 2281 uno
1740 2236 1794 2282 ad

270 2314 462 2359 alterum
495 2314 709 2363 transitus
741 2313 837 2365 fiat,
870 2311 997 2369 Prop.
1031 2310 1075 2354 II
1106 2311 1311 2364 5‚21.22:

495 2390 583 2432 Nec
613 2389 687 2431 tibi
715 2388 888 2443 periuro
918 2386 1150 2429 scindam
1181 2387 1232 2428 de
1263 2399 1438 2441 corpore
1470 2392 1635 2437 vestem,

561 2463 648 2505 Nee
679 2475 771 2504 mea
801 2462 1049 2515 praeclusas
1078 2461 1160 2514 fre
1168 2461 1304 2515 qerit
1324 2461 1404 2510 ,ira
1433 2461 1560 2513 fores.

276 2536 411 2595 Verg.
447 2535 553 2580 Aen.
587 2532 652 2579 IX
685 2532 901 2578 297298:

487 2612 677 2667 Namque
708 2610 805 2652 erit
838 2609 920 2651 ista
951 2608 1049 2650 mihi
1079 2608 1269 2663 genetrix
1300 2618 1526 2662 nomenque
1560 2606 1741 2649 Creusae

487 2685 630 2727 Solum
662 2683 907 2737 defuerit.

270 2757 463 2806 'l‘antum
501 2757 639 2815 igitur
680 2755 825 2807 abest,
875 2757 926 2798 ut
964 2770 1062 2798 cum
1096 2752 1359 2809 Baehrensio
1399 2753 1471 2809 (ps
1493 2750 1708 2810 XXVIII)
1748 2750 1793 2795 in

269 2834 517 2888 temporum
568 2830 646 2874 illa
700 2827 945 2872 mutatione
992 2827 1221 2871 haerentes
1273 2840 1443 2870 versum
1490 2823 1794 2882 interpolatori

268 2903 549 2949 tribuendum
581 2916 843 2954 censeamuS,
878 2905 928 2945 ut
960 2901 1004 2944 in
1037 2916 1087 2944 ea
1118 2899 1432 2957 proprietatem
1464 2899 1683 2955 quandam
1702 2912 1792 2941 ser-
