2087 3321
1024 257 1083 300 46

285 369 376 420 tiva
409 379 455 420 et
487 371 627 421 multa
665 378 709 420 iu
742 392 791 420 eo
823 390 981 433 genere
1012 392 1204 424 novasse.
1269 379 1420 423 Potest
1448 380 1586 437 igitur
1617 379 1725 431 fieri,
1759 380 1809 423 ut

284 452 473 494 lecticulo
525 464 673 493 verum
725 450 804 501 sit,
856 451 1005 493 lectulo
1055 452 1201 497 autem
1247 448 1366 494 facili
1411 452 1621 496 scribendi
1666 451 1810 496 errore

229 520 235 528 '
282 526 444 567 ortum.
507 522 657 577 Neque
688 521 927 565 auctoritas
958 522 1113 565 codicis
1145 522 1182 567 Ο
1215 527 1294 567 aut
1325 526 1565 567 ceterorum
1599 525 1807 568 librorum

284 598 412 641 tanta
444 599 522 647 est,
560 597 611 636 ut
641 593 741 637 inde
773 592 992 637 dubitatio
1023 594 1120 638 tolli
1152 596 1301 652 possit.
1355 651 1357 653 Ι

407 668 467 712 Hi
504 669 606 710 sunt
646 666 750 718 loci,
798 665 956 723 quibus
992 681 1128 723 prava
1166 667 1419 712 correctoris
1456 681 1588 724 opera
1618 670 1665 713 in
1697 671 1809 715 libro

278 742 323 787 ·Ο
354 736 648 798 deprenditur.
711 738 806 783 Iam
845 739 897 783 de
928 740 1026 784 aliis
1058 741 1314 797 quibusdam
1345 739 1615 795 disseremus,
1653 743 1808 799 quibus

282 815 498 871 scriptura
550 812 669 856 illius
721 812 878 857 codicis
930 828 955 857 a
1008 814 1229 858 nonnullis
1279 813 1383 857 viris
1428 814 1567 858 doctis
1618 815 1808 872 genuina

281 890 484 943 putatur,
538 888 687 929 nostro
739 890 886 929 autem
938 886 1096 930 iudicio
1150 886 1279 930 meris
1331 886 1544 931 scribendi
1590 887 1807 931 erroribus

280 962 378 1002 orta
410 961 496 1000 est:
729 967 732 970 ·

403 1031 533 1084 68‚61

400 1104 452 1147 In
485 1104 701 1148 codicibus
733 1117 881 1146 versus
915 1103 1065 1145 multis
1097 1102 1234 1145 modis
1266 1107 1496 1159 corruptus
1529 1109 1614 1148 est:

497 1178 612 1219 Duce
642 1178 798 1220 viatori
830 1177 953 1220 basso
984 1177 1029 1218 in
1059 1176 1211 1218 sudore
1242 1177 1440 1228 levamus,

278 1250 391 1293 unde
423 1248 639 1291 Italorum
670 1248 926 1291 commentis
959 1246 1063 1290 haec
1094 1247 1309 1303 scriptura
1342 1248 1498 1291 effecta
1528 1251 1613 1291 est:

496 1322 626 1365 Dulce
657 1322 839 1365 viatori
870 1322 983 1364 lasso
1013 1322 1056 1364 in
1086 1321 1239 1364 sudore
1271 1322 1469 1374 levamen,

278 1407 390 1449 quae
424 1407 558 1447 usque
598 1395 652 1437 ad
683 1398 879 1436 nostram
919 1396 1110 1436 aetatem
1149 1393 1194 1434 in
1226 1393 1486 1436 editionibus
1527 1393 1803 1450 vulgabatur.

277 1464 569 1512 Baehrensius
602 1468 749 1511 autem
782 1465 937 1510 codicis
966 1464 1003 1510 Ο
1036 1466 1297 1519 testimonio,
1330 1465 1405 1523 qui
1437 1482 1463 1510 a
1494 1465 1648 1510 ceteris
1681 1466 1803 1511 libris

276 1553 325 1581 eo
358 1538 588 1594 discrepat,
621 1538 735 1594 quod
767 1542 976 1582 viatorum
1007 1539 1203 1590 exhibet,
1244 1539 1454 1582 adductus
1486 1539 1602 1581 hunc
1633 1553 1801 1581 versum

274 1611 429 1656 edidit:
1186 1654 1189 1657 .

493 1686 623 1727 Dulce
654 1687 901 1726 viatorum
934 1697 1112 1726 crasso
1142 1685 1185 1725 in
1214 1684 1368 1726 sudore
1400 1685 1597 1726 levamen.

276 1757 358 1800 Sed
390 1759 450 1801 in·
470 1756 738 1800 Fleckeiseni
770 1772 871 1800 ann.
910 1757 994 1800 117
1026 1755 1164 1811 (1878
1196 1772 1238 1812 p.
1275 1756 1381 1813 769)
1413 1772 1458 1800 se
1489 1756 1715 1799 decessisse
1747 1758 1801 1800 ab

275 1829 356 1874 hac
396 1845 544 1875 versus
583 1829 723 1874 forma
762 1827 995 1885 profitetur
1035 1830 1080 1870 et
1117 1828 1233 1872 hunc
1271 1828 1315 1872 in
1357 1828 1529 1873 modum
1569 1843 1802 1887 argumen-

268 1904 419 1946 tatur:
460 1904 609 1947 bassus
646 1903 823 1960 linguae
862 1900 1057 1957 vulgaris
1095 1901 1354 1945 adiectivum
1393 1902 1436 1945 in
1476 1902 1632 1959 glossis
1662 1902 1801 1958 expli-

267 1978 420 2019 catum
471 1976 726 2033 synonymis
775 1976 961 2031 pinquis,
1015 1976 1162 2018 obesus
1212 1990 1291 2032 pro
1342 1975 1559 2032 scriptura
1611 1974 1800 2032 genuina

274 2063 420 2092 errore
452 2048 498 2092 in
530 2051 701 2093 textum
733 2048 971 2104 irrepsisse.
1037 2047 1232 2093 Scribam
1265 2053 1412 2093 autem
1444 2049 1600 2093 codicis
1632 2047 1671 2091 G
1702 2064 1798 2093 cum

273 2121 319 2164 in
366 2120 605 2178 archetypo
651 2121 869 2164 inveniret
915 2123 1122 2164 viatorum
1169 2123 1293 2166 basso
1339 2124 1383 2165 in
1423 2123 1577 2165 sudore
1616 2136 1799 2178 cumque

274 2195 440 2238 videret
471 2197 638 2238 bassum
668 2197 861 2238 sudorem
893 2209 1020 2237 sensu
1052 2210 1211 2249 carere,
1251 2210 1328 2237 suo
1364 2194 1507 2238 Marte
1539 2197 1589 2237 ut
1622 2197 1798 2238 sanaret

273 2267 474 2311 mendum
522 2283 574 2311 ex
621 2270 829 2311 viatorum
876 2265 1065 2311 effecisse
1112 2270 1275 2312 viatori.
1346 2267 1386 2311 A
1433 2265 1614 2324 vulgata
1651 2271 1796 2310 autem

273 2340 386 2383 hanc
417 2341 801 2397 interpolationem
834 2342 987 2383 viatori
1018 2341 1142 2383 basso
1174 2356 1287 2384 nova
1317 2354 1409 2383 esse
1439 2344 1613 2383 auctam
1645 2342 1799 2382 viatori

273 2415 397 2457 lasso.
452 2412 594 2465 Quare
625 2412 980 2471 proficiscendum
1005 2427 1096 2457 esse
1118 2429 1170 2458 ex
1192 2415 1408 2470 scriptura
1429 2415 1637 2457 viatorum
1658 2414 1795 2466 basso,

273 2502 325 2530 ex
357 2501 445 2543 qua
477 2486 560 2530 sibi
592 2486 864 2530 efficiendum
898 2485 1054 2529 videri:

492 2562 621 2603 Dulce
651 2562 859 2603 viatorum
890 2561 1034 2603 salso
1065 2563 1108 2603 in
1138 2562 1333 2604 sudore
1364 2560 1562 2602 levamen.

273 2630 504 2676 Insimulat
550 2632 688 2691 igitur
734 2632 963 2677 librarium
1011 2629 1168 2676 codicis
1207 2629 1260 2684 G,
1307 2630 1420 2689 quod
1467 2645 1645 2688 pravam
1696 2630 1795 2674 huic

272 2706 415 2749 versui
446 2721 623 2762 operam
655 2706 935 2762 impenderit,
973 2720 1070 2748 cum
1103 2720 1156 2748 ex
1188 2705 1415 2760 archetypi
1445 2706 1662 2760 scriptura
1694 2708 1792 2748 via-—

271 2785 405 2821 torum
466 2779 660 2822 efficeret
719 2780 884 2822 viatori.
969 2776 1052 2821 Sed
1106 2780 1254 2820 tamen
1308 2780 1441 2834 testes
1493 2777 1671 2821 adstant
1723 2792 1795 2820 reo

271 2866 418 2894 omnes
455 2851 695 2895 carminum
734 2850 1081 2894 Catullianorum
1130 2851 1315 2902 codices,
1363 2851 1439 2906 qui
1487 2853 1707 2894 testantur
1747 2850 1793 2892 in

271 2923 511 2979 archetypo
542 2929 768 2968 exaratum
801 2924 952 2967 fuisse:
1645 2929 1647 2932 '
