2087 3321
992 206 1046 271 41

220 349 223 353 >
266 329 463 370 veterum
500 341 582 370 usu
627 327 673 369 et
718 322 1024 371 consuetudine.
1069 326 1237 371 dicendi
1276 325 1520 370 discendum
1560 327 1641 377 est,
1678 326 1781 381 quid

265 398 353 442 illis
383 396 610 455 placuerit.
672 398 813 450 Quare
844 414 898 443 ne
928 399 1010 443 hac
1040 400 1212 457 quidem
1243 398 1427 450 ratione,
1463 412 1548 454 qua
1580 398 1778 452 maxime,

265 472 341 528 qui
383 473 536 515 contra
575 473 836 530 scripturam
872 463 992 518 nobis
1027 476 1249 532 pugnant,
1296 471 1512 525 nituntur,
1545 470 1779 527 quidquam

265 543 379 588 effici
409 558 531 601 posse
562 549 758 604 apparet.
804 544 911 589 Inde
942 548 1101 599 autem,
1133 546 1249 603 quod-
1278 541 1462 588 vidimus
1484 547 1633 587 nostro
1653 558 1779 586 sensu

264 617 495 661 desiderari
532 633 654 676 posse
690 613 915 675 epitheton
953 619 1008 662 ad
1047 618 1367 662 substantivum
1405 619 1506 662 voce
1542 615 1779 674 pertinens,

263 690 446 735 fortasse
484 691 692 750 explicari
730 693 875 748 potest
914 690 1037 750 origo
1075 691 1388 755 discrepantiae
1424 691 1540 734 inter
1576 691 1696 732 nobis
1734 691 1780 731 et

263 766 430 807 blanda.
493 762 616 806 Mero
662 763 836 818 quidem
873 779 1018 808 errore
1056 767 1108 807 ut
1144 765 1262 808 nobis
1297 779 1384 809 non
1421 779 1476 808 ex
1514 764 1672 808 blanda
1714 761 1779 806 ita

262 832 417 881 blanda
456 850 543 880 non
582 850 636 879 ex
673 837 792 880 nobis
829 836 933 880 oriri
964 836 1123 893 potuit.
1185 834 1268 879 Sed
1299 836 1394 880 ficri
1423 839 1588 892 potest,
1628 838 1680 878 ut
1711 836 1779 877 vir

261 910 418 967 aliquis
450 909 567 953 haud
598 910 773 962 stultus,
805 901 874 954 cui
906 909 1012 953 item
1043 911 1095 952 ut
1122 902 1387 953 Baehrensio
1417 924 1517 954 voce
1548 912 1641 953 tam
1663 909 1777 953 nude

258 982 449 1041 positum
478 981 690 1041 languere
721 978 961 1036 videbatur,
993 998 1074 1040 pro
1102 984 1221 1026 nobis
1250 983 1472 1039 scripserit
1499 984 1669 1027 blanda.
1716 982 1777 1026 Et

259 1066 317 1099 ne‘
349 1055 446 1112 quis
484 1056 565 1100 hoc
596 1056 797 1101 audacius
836 1074 862 1101 a
902 1056 1025 1101 nobis
1056 1056 1161 1114 poni
1199 1057 1355 1114 putet‚·
1385 1055 1588 1114 respiciat
1617 1052 1774 1110 locum,

258 1129 311 1173 de
356 1144 441 1187 quo
485 1129 610 1173 modo
657 1129 844 1187 egimus,
890 1129 1078 1183 61,106;
1126 1129 1188 1172 ibi
1233 1143 1287 1172 ex
1332 1129 1549 1185 scriptura
1586 1132 1776 1186 lentaque

259 1203 497 1246 mutatione
528 1218 614 1247 non
646 1206 765 1247 reeta
797 1202 970 1259 quidem
1002 1203 1076 1246 sed
1105 1202 1244 1247 libera
1265 1204 1311 1246 et
1338 1202 1582 1246 sententiae
1602 1202 1775 1260 egregie

256 1275 535 1319 conveniente
582 1275 783 1319 effectum
833 1278 928 1320 erat
966 1277 1078 1319 lenta
1114 1276 1201 1319 sed.
1264 1274 1410 1331 Atque
1449 1274 1502 1329 ei,
1550 1275 1626 1331 qui
1663 1275 1776 1319 hanc

256 1346 547 1391 coniecturam
588 1347 871 1405 excogitavit,
903 1348 1013 1391 illud
1044 1363 1214 1404 quoque
1253 1348 1405 1404 opinor
1435 1349 1627 1391 tribuere
1658 1349 1774 1400 licet,

257 1425 307 1463 ut
337 1435 417 1477 pro
448 1422 567 1465 nobis
598 1420 819 1478 scripserit
856 1422 1014 1465 blanda
1044 1420 1287 1466 mutatione
1318 1422 1364 1464 et
1394 1420 1489 1479 ipsa
1520 1435 1609 1465 non
1641 1422 1774 1473 recta,

254 1493 327 1537 sed
373 1507 460 1537 non
505 1494 650 1538 minus
686 1493 846 1547 libera,
892 1508 981 1537 non
1019 1495 1163 1537 minus
1199 1495 1441 1539 sententiae
1480 1495 1774 1538 conveniente.

253 1568 384 1610 Nobis
420 1570 568 1628 autem
598 1568 854 1611 mutandum
895 1582 986 1612 esse
1018 1568 1092 1612 illc
1122 1583 1172 1612 eo
1203 1567 1374 1613 facilius
1405 1566 1489 1612 sibi
1518 1566 1776 1624 persuadere

251 1641 442 1697 poterat,
475 1639 586 1697 quod
607 1627 803 1685 ‘fortasse
834 1640 1030 1685 dativum
1062 1644 1161 1685 mihi
1181 1642 1236 1685 ad
1255 1639 1557 1698 praecedentia
1579 1638 1774 1683 trahenti

251 1712 482 1756 videbatur
513 1713 600 1756 iam
631 1728 719 1756 non
750 1714 868 1757 locus
900 1729 990 1776 esse
1021 1715 1269 1771 pronomini
1300 1715 1431 1758 nobis.

371 1784 541 1839 Restat,
584 1789 634 1830 ut
681 1786 732 1830 de
779 1789 1000 1832 structura
1047 1785 1335 1845 grammatica
1367 1786 1639 1838 disseramus,
1686 1799 1773 1841 qua

256 1860 430 1914 poetam
461 1858 617 1902 dixisse
648 1861 868 1916 ponimus:

464 1934 562 1975 milvi
590 1947 673 1977 non
703 1935 807 1977 haec
837 1936 1013 1978 miserae
1043 1948 1218 1990 sperare
1247 1934 1431 1977 iubebas.

249 2003 395 2060 Atque
433 2004 576 2061 priore
615 2006 788 2062 quidem
827 2010 973 2050 aetate
1006 2007 1123 2050 verbi
1155 2007 1329 2050 iubendi
1360 2021 1458 2049 cum
1489 2005 1637 2048 dativo
1668 2019 1770 2048 con-

251 2076 389 2121 iuncti
437 2077 542 2122 satis
589 2092 749 2135 magna
780 2079 1086 2137 exemplorum·
1113 2079 1235 2137 copia
1277 2078 1380 2122 viris
1419 2077 1557 2122 doctis
1594 2079 1770 2135 praesto

249 2151 360 2195 erat.
408 2149 583 2195 Nostris
614 2153 761 2195 autem
783 2151 1050 2207 temporibus
1080 2152 1296 2196 codicibus
1317 2151 1561 2195 accuratius
1581 2149 1768 2192 excussis

246 2224 334 2268 iam
350 2225 549 2280 plurimis
563 2238 712 2268 eorum
724 2224 838 2268 nihil
845 2225 1020 2282 probari
1028 2222 1223 2283 apparet.
1241 2225 1371 2282 Apud
1378 2223 1547 2268 Livium
1554 2218 1767 2266 XXXXII

246 2295 348 2350 28‚1
363 2296 537 2355 egregia
555 2295 742 2341 Bekkeri
757 2297 1004 2342 coniectura
1020 2299 1270 2342 restitutum
1289 2301 1356 2341 est
1368 2312 1390 2340 e
1406 2297 1620 2352 republica
1634 2297 1766 2337 visum

246 2376 351 2413 erat.
366 2369 418 2412 In
426 2369 615 2414 eiusdem
622 2370 844 2426 scriptoris
852 2371 963 2413 libro
970 2370 1143 2415 XXVII
1151 2372 1254 2425 24‚3
1263 2372 1379 2415 haud
1385 2370 1563 2414 dubium
1571 2370 1650 2421 est,
1659 2367 1766 2424 quin

245 2457 346 2487 vera
361 2443 577 2501 scriptura
593 2442 652 2487 sit
665 2444 767 2487 iussi
781 2444 935 2487 tribuni
949 2445 1122 2488 militum-
1135 2446 1421 2501 praefectique
1435 2444 1590 2486 socium
1606 2447 1645 2482 et
1660 2454 1763 2482 cen-

244 2517 439 2558 tuo-iones.
474 2515 602 2572 Apud
616 2515 843 2560 Caesarem
858 2518 911 2561 de
926 2517 966 2562 b.
983 2533 1019 2561 c.
1036 2517 1171 2561 11198
1189 2519 1386 2562 meliores
1399 2515 1560 2561 codices
1576 2528 1661 2557 non
1670 2516 1763 2556 ius-

242 2588 296 2630 sit
311 2586 383 2630 sed
400 2590 697 2634 commendavit
713 2589 934 2636 exhibent.
966 2589 1078 2635 Item
1095 2591 1210 2649 apud
1227 2590 1428 2636 Ovidium
1444 2591 1545 2632 met.
1555 2585 1665 2630 VIII
1677 2586 1764 2628 '152

242 2659 405 2704 codices
436 2660 552 2705 inter
580 2664 842 2721 famulosque
859 2666 918 2707 ‘et
936 2667 1186 2722 famulisque
1205 2665 1391 2709 variant.
1440 2661 1569 2719 Apud
1590 2659 1762 2703 Livium

243 2732 419 2777 XXVII
467 2735 568 2788 16,8
616 2736 789 2781 dativus
820 2727 1092 2795 interroganti
1130 2740 1294 2783 scribae
1331 2738 1406 2794 qui
1437 2734 1631 2779 traditur
1673 2748 1760 2777 non

242 2807 474 2852 mutandus
512 2809 684 2865 quidem
716 2813 803 2864 est,
836 2812 908 2856 sed
939 2811 1268 2869 explicationem
1300 2826 1420 2855 suam
1454 2809 1603 2854 habet.
1665 2807 1759 2852 Iam

241 2878 340 2934 loci,
371 2879 445 2939 qui
477 2881 640 2939 aliquid
673 2883 816 2929 valere
838 2888 1031 2942 possunt,
1064 2887 1233 2929 restant
1254 2899 1365 2928 unus
1388 2882 1693 2927 Ciceronianus
1715 2885 1758 2922 et
