2087 3321
1022 218 1075 266 61

294 344 463 400 ponunt
494 340 611 385 enim
641 340 789 385 eodem
814 331 914 403 *loco
944 341 1053 385 illud
1086 356 1145 394 os,
1184 343 1236 385 e'x
1267 354 1353 396 quo
1384 349 1620 396 pronomen
1652 342 1718 383 hic
1751 339 1814 382 ei-

295 415 416 467 ciunt
449 440 502 447 —
545 416 591 461 eis
628 416 778 472 postea
819 414 930 460 illud
967 430 1041 468 mr,¹
1074 413 1187 472 quod
1224 413 1269 457 in
1302 411 1342 455 D
1382 427 1409 456 a
1440 409 1559 457 Ricc.
1590 413 1726 465 extat,
1759 412 1817 473 ab

294 487 608 545 inberpolabore
646 487 856 533 addibum.
872 503 991 541 esse3
1044 490 1122 534 aui:
1152 487 1253 545 quia
1284 487 1328 530 in
1360 499 1463 530 voce
1494 499 1542 530 os
1573 484 1720 541 aliqua
1752 484 1815 527 vis

296 560 439 617 posita
472 562 559 614 est,
597 562 652 605 ob
691 575 788 605 eam
818 576 993 608 causam
1023 559 1163 618 primo
1196 558 1412 604 enuntiati
1443 558 1537 603 loco
1570 556 1816 614 ponendam

297 647 387 676 esse
432 636 703 678 censuerunt.
765 632 849 677 Sed
895 632 1005 679 illud
1044 633 1159 690 quod
1199 632 1318 689 prius
1348 631 1493 689 posui,
1532 633 1600 674 hic
1629 644 1683 673 ex
1713 643 1816 673 voce

298 719 345 749 os
390 707 535 750 ortum
566 721 673 759 esse,
719 720 804 751 non
844 720 1050 763 magnam
1088 705 1233 749 habet
1259 704 1639 760 probabilitatem3
1677 716 1816 759 neque

299 779 438 824 altera
477 795 605 825 causa
646 778 856 824 eiusmodi
894 781 981 831 est,
1028 780 1079 821 ui:
1117 777 1306 823 multum
1341 776 1379 821 ei
1409 776 1614 823 tribuam.
1678 775 1816 820 Immo

298 855 400 910 apte
443 853 679 910 praemisso
702 852 893 897 'nomine
932 853 1084 905 dentis,
1132 851 1246 908 quod
1283 864 1369 894 non
1407 850 1687 907 premendum
1734 851 1815 902 est,

300 926 408 970 haec
441 925 525 969 duo
556 940 603 969 os
648 927 693 969 et
727 926 1047 983 sesquipedalis,
1084 924 1129 968 in
1161 923 1321 980 quibus
1347 925 1442 967 tota
1470 923 1684 981 oppositio
1714 938 1816 967 con-

299 998 479 1051 tinetur,
512 996 635 1042 iux'iza
667 998 770 1054 poni
801 998 1015 1042 videntur.
1062 995 1121 1040 Et
1151 999 1218 1040 est
1248 1011 1334 1053 quo
1364 999 1589 1052 praeterea
1621 995 1691 1040 hic
1711 996 1815 1040 ordo

299 1069 571 1115 defendatur.
620 1070 734 1116 Nam
764 1071 801 1116 si
816 1069 980 1114 eadem
1011 1084 1095 1114 vox
1125 1070 1169 1114 in
1201 1069 1351 1113 eodem
1381 1082 1508 1112 versu
1528 1068 1594 1112 bis
1615 1068 1814 1122 habetur,

300 1142 566 1200 elegantiam
604 1142 823 1199 quandam
868 1145 1021 1198 poetae
1061 1143 1310 1198 capessunfi‚
1353 1141 1581 1185 verborum
1621 1140 1815 1185 ordinem

300 1207 361 1258 sic
393 1214 683 1268 instituentes,
714 1215 766 1257 uf,
787 1214 902 1258 vocis
922 1214 1040 1259 illius
1062 1213 1257 1271 syllabae
1278 1212 1472 1257 diversae
1491 1212 1649 1258 ictibus
1671 1228 1817 1258 versus

303 1287 474 1331 icantur
519 1287 574 1331 cf.
613 1286 750 1342 Propi
785 1301 865 1330 em.
906 1285 1207 1331 Lachmannus
1246 1286 1363 1343 Lips.
1405 1286 1523 1330 1816
1554 1301 1596 1343 p.
1636 1287 1716 1330 111
1751 1301 1816 1344 sq.

302 1358 413 1403 Mihi
442 1358 579 1416 igitur
617 1357 653 1403 is
694 1359 798 1404 ordo
838 1359 1071 1404 servandus
1090 1359 1295 1412 videtur,
1334 1373 1463 1416 quem
1494 1358 1538 1404 in
1571 1359 1610 1403 D
1643 1375 1669 1404 a
1703 1357 1815 1406 Ricc.

300 1431 521 1484 habemus,
562 1427 694 1475 deuiis
732 1446 779 1476 os
817 1434 1129 1488 sesquipedalis.
1192 1431 1286 1476 Iam
1316 1426 1554 1488 quaeritur,
1594 1435 1741 1477 utrum
1771 1448 1819 1477 os

300 1504 347 1548 in
394 1500 462 1548 his
509 1504 633 1548 libris
680 1503 944 1549 correctione
990 1507 1136 1549 ortum
1175 1505 1233 1548 sit
1271 1520 1327 1549 an
1368 1503 1591 1548 traditum.
1669 1504 1729 1548 Et
1768 1508 1819 1548 ut

302 1577 581 1620 concedamus
620 1592 706 1621 non
738 1578 886 1635 magni
916 1578 1047 1622 fuisse
1077 1578 1240 1635 negotii
1277 1571 1511 1621 divinando
1540 1575 1585 1621 id
1616 1579 1817 1634 reperire,

302 1652 450 1693 tamen
484 1650 708 1694 verborum
741 1650 845 1694 ordo
877 1648 1051 1708 elegans
1080 1654 1125 1695 et
1155 1650 1288 1694 verba
1319 1649 1640 1694 constructione
1670 1663 1819 1708 gram-

303 1721 462 1765 matica
493 1710 721 1766 coniuncia
753 1722 1002 1780 disiungens
1032 1722 1076 1768 id
1107 1723 1278 1768 videtur
1309 1723 1499 1768 indicare
1531 1738 1675 1768 vocem
1696 1723 1816 1769 illam

305 1808 393 1838 non
425 1810 451 1838 a
481 1796 723 1839 correctore
755 1793 948 1840 additam
980 1809 1083 1841 esse.
1129 1795 1240 1848 Quid
1272 1796 1324 1841 de
1355 1795 1498 1854 priore
1519 1809 1667 1840 versus
1692 1797 1819 1857 parte

306 1866 580 1911 iudicandum
613 1867 683 1926 sit,
716 1871 863 1911 utrum
886 1872 1079 1924 praestet
1110 1870 1247 1914 eicere
1268 1884 1414 1914 vocem
1435 1877 1495 1913 est
1518 1885 1574 1913 an
1594 1870 1674 1923 hic,
1696 1869 1817 1922 ,nihil

306 1938 413 1984 facit
445 1938 499 1985 ad
530 1939 623 1983 rem
662 1942 868 1985 nostram.
932 1938 1043 1984 Mihi
1079 1942 1226 1986 tamen
1257 1942 1524 2000 probabilius
1556 1942 1727 1987 videtur
1759 1951 1820 1987 est

304 2009 452 2063 eicere,
485 2014 628 2071 ἡρὺωιι
660 2012 797 2071 igitur
829 2028 999 2057 versum
1031 2014 1092 2058 sic
1123 2015 1329 2059 scribere:

520 2086 629 2129 Nam
660 2090 748 2132 sine
778 2087 967 2131 dentibus
995 2088 1074 2131 hic.
1130 2089 1273 2133 Dentis
1303 2103 1352 2133 os
1381 2087 1693 2147 sesquipedalis.

305 2154 417 2199 Nam
449 2164 510 2200 est
530 2160 576 2201 et
606 2158 776 2203 facilius
806 2175 936 2216 quam
968 2163 1035 2203 hic
1065 2159 1164 2203 addi
1194 2164 1370 2217 poterat
1389 2166 1435 2206 et
1455 2163 1506 2206 in
1522 2163 1819 2219 praecedenti-

307 2229 386 2273 bus
418 2230 611 2276 versibus
644 2247 670 2276 a
700 2235 828 2290 poeta
859 2233 1064 2278 omissum
1094 2235 1173 2277 est.

425 2302 584 2355 Quodsi
622 2305 888 2361 probabilem
920 2306 965 2348 in
1006 2307 1184 2350 modum,
1210 2307 1262 2349 de
1294 2307 1362 2350 his
1388 2307 1497 2351 ‘locis
1527 2308 1817 2362 disseruimus,

304 2376 459 2433 quibus
497 2392 523 2421 a
554 2375 593 2420 G
624 2392 727 2422 vera
757 2378 974 2437 scriptura
1005 2379 1147 2434 abest,
1187 2379 1232 2424 in
1267 2379 1306 2424 D
1338 2381 1464 2424 extat
1500 2395 1639 2438 neque
1670 2385 1816 2426 tamen

251 2479 254 2482 <
305 2449 538 2493 correctori
568 2449 714 2494 deberi
745 2452 930 2506 videtur,
962 2452 1071 2496 illud
1101 2453 1189 2496 iam
1220 2453 1321 2496 hinc
1352 2454 1551 2497 effectum
1582 2457 1649 2498 est
1669 2454 1709 2497 D
1732 2470 1820 2499 non·

308 2537 361 2565 ex
392 2521 431 2565 G
462 2523 535 2567 sed
566 2538 644 2568 sua
677 2524 746 2568 via
777 2540 830 2569 ex
862 2524 903 2568 V
934 2526 1174 2570 derivatum
1208 2541 1311 2571 esse.

425 2593 545 2638 Idem
583 2598 729 2640 autem
767 2597 897 2641 etiam
938 2598 1035 2642 aliis
1071 2598 1324 2655 quibusdam
1364 2598 1469 2642 locis
1509 2600 1734 2658 colligitur
1765 2616 1818 2644 ex

306 2667 479 2710 collassis
494 2700 497 2704 ,
507 2667 698 2711 codicum
733 2669 979 2724 scripturis:

428 2738 482 2784 In
514 2754 641 2785 versu
671 2741 784 2786 enim
818 2741 973 2796 65‚14:

523 2813 701 2857 Daulia-3
732 2816 940 2873 absumpti
969 2818 1065 2873 sata
1095 2831 1259 2872 yemem
1291 2819 1389 2876 Ityli

308 2902 391 2930 vox
425 2888 600 2930 Daulias
637 2889 755 2930 varie
795 2889 839 2932 in
876 2890 1091 2934 codicibus
1126 2895 1331 2948 corrupta
1362 2895 1441 2935 est.
1504 2890 1762 2950 Incipiamus
1791 2909 1818 2937 a
