2087 3321
1003 222 1064 264 59

277 344 417 389 monis
447 343 596 388 Latini
635 356 936 401 agnoscamus,
959 357 1109 399 quam
1144 342 1199 385 ab
1230 341 1543 397 interpolatore
1573 345 1790 398 repertam

279 431 370 461 eme
401 415 607 460 credibile
636 429 723 469 non
753 419 832 460 est.
896 414 1092 471 Denique
1128 414 1240 472 quod
1277 431 1309 460 a
1334 412 1565 459 Schwabio
1595 413 1789 459 animad-

280 503 449 536 versum
488 503 574 532 non
613 490 703 543 est,
739 489 958 533 sententia
990 487 1187 533 versiculi
1217 502 1393 546 prorsus
1423 485 1671 532 Catulliana
1701 488 1789 538 est3

278 560 480 605 similiter
525 562 639 606 enim
682 565 813 620 poeta
860 561 915 606 ad
950 559 1219 610 Verannium
1262 561 1448 608 amicum
1484 575 1540 605 ex
1577 558 1790 616 Hispania

277 627 500 679 reversum
530 634 683 692 scribit
713 634 852 691 9,6.·z:
1040 685 1043 689 ⁷
1230 674 1234 677 .
1258 622 1261 625 i
1413 687 1415 689 ¹

501 708 636 751 Visam
667 714 707 751 te
735 709 977 758 incolumem
1008 708 1258 763 audiamque
1288 708 1503 752 Hiberum.

494 782 747 824 Narransem
776 781 886 833 ιοοα,
916 763 1051 835 βίαια,
1081 781 1282 825 nariam.

278 852 423 909 Atque
461 855 609 897 nostro
648 853 742 897 loco
772 852 1041 897 sententiam
1063 851 1248 897 similem
1280 851 1471 910 quidem,
1510 850 1582 895 sed
1613 865 1788 909 prorsus

279 924 407 969 aliter
440 924 712 969 enuntiatam
743 925 963 977 habemus,
994 927 1045 969 ut
1075 939 1128 968 ne
1158 925 1202 969 id
1222 924 1395 982 quidem
1414 923 1623 981 suspicari
1642 925 1786 976 liceat,

187 1033 192 1039 .
277 997 635 1054 interpolatorem
665 998 877 1055 quendam
907 998 1100 1041 versibus
1130 997 1218 1041 illis
1249 997 1304 1040 ad
1325 995 1595 1042 Verannium
1615 995 1788 1051 scriptis

275 1069 401 1116 usum
432 1084 534 1115 esse.
598 1068 834 1115 Offensioni
864 1073 1010 1116 autem
1040 1071 1086 1114 in
1118 1070 1198 1115 hoc
1229 1084 1376 1114 versu:

409 1141 413 1143 ’
492 1144 694 1200 Alloquor
724 1145 898 1187 audiero
927 1157 1151 1200 numquam
1185 1151 1259 1187 tua
1273 1147 1409 1203 ‘facta
1438 1144 1666 1199 loquentem

272 1213 403 1261 debet
440 1230 531 1260 esse
565 1219 813 1261 contortum
847 1231 984 1276 genus
1021 1216 1211 1269 dicendi3
1246 1232 1348 1261 nam
1388 1229 1527 1273 neque
1564 1227 1787 1271 numquam

275 1290 377 1345 apte
415 1288 469 1332 ad
510 1291 744 1346 utrumque
782 1290 965 1333 verbum
999 1290 1046 1332 et
1083 1291 1277 1346 alloquar
1312 1291 1359 1334 et
1394 1290 1569 1332 audiero
1599 1286 1787 1331 refertur

274 1375 410 1419 neque
424 1362 652 1418 loquentem
667 1362 884 1407 obiectum
899 1375 991 1405 esse
1006 1363 1150 1419 potest
1164 1361 1287 1408 verbi
1294 1363 1502 1418 alloquar,
1519 1359 1632 1417 quod
1638 1360 1787 1406 tamen

272 1431 350 1477 sno
367 1433 535 1478 obiecto
554 1436 687 1478 caret.
718 1432 866 1490 Atque
885 1434 966 1478 hoc
980 1433 1269 1479 Baehrensius
1290 1434 1537 1491 significare
1552 1432 1723 1479 videtur
1742 1447 1787 1488 p.

273 1505 481 1559 XXVIII,
496 1506 573 1552 ubi
588 1506 721 1551 verba
736 1505 815 1551 illa
829 1522 915 1552 non
923 1507 1032 1552 bene
1038 1507 1230 1566 copulari
1241 1499 1664 1559 ἀσυνδὲτωςηιοηοὶ.
1680 1503 1787 1549 Inde

274 1582 419 1625 autem
427 1580 725 1637 seqnitur,non
733 1579 846 1637 quod
856 1581 930 1625 ille
941 1582 1048 1635 vult,
1056 1596 1231 1626 -versum
1237 1581 1293 1626 ab
1300 1580 1612 1638 interpolatore
1619 1578 1788 1637 profec-

272 1649 368 1698 tum
383 1667 475 1698 esse
492 1677 550 1686 —
567 1667 672 1698 nam
687 1667 742 1697 ne
756 1652 793 1695 is
808 1653 981 1711 quidem
995 1654 1147 1712 opinor
1164 1658 1255 1699 tam
1270 1657 1468 1698 contorte
1480 1651 1721 1710 scripsisset
1731 1678 1785 1686 —

274 1727 346 1771 sed
383 1730 486 1770 ante
524 1741 696 1770 versum
733 1726 860 1769 illum
895 1743 1028 1771 unum
1067 1716 1223 1772 saltem
1261 1727 1476 1774 distichon
1506 1723 1786 1772 intercidisse,

188 1839 190 1842 .
274 1799 420 1857 Atque
452 1798 756 1852 Lachmannus
797 1789 884 1843 tria
924 1799 1108 1844 inseruit
1145 1815 1198 1844 ex
1229 1800 1485 1853 68,20—24
1515 1802 1563 1843 et
1592 1798 1786 1851 92-96,

272 1875 324 1917 ut
369 1875 524 1916 staret·
551 1871 810 1929 paginarum
856 1871 934 1916 illa
980 1887 1111 1929 quam
1149 1873 1342 1918 instituit
1378 1872 1661 1933 computatio.
1722 1872 1787 1916 De

274 1960 361 2002 qua
391 1943 588 2001 pluribus
618 1943 690 1988 hic
720 1943 928 1989 disserere
960 1946 1172 1999 nolumus,
1205 1944 1328 1990 nobis
1349 1944 1393 1988 id
1413 1946 1591 1989 tantum
1611 1945 1787 2003 respici-

274 2018 429 2062 endum
463 2017 655 2072 videtur,
695 2017 906 2074 quomodo
936 2017 1213 2064 enuntiatum
1243 2018 1352 2063 illud
1382 2018 1634 2075 expleverit,
1665 2018 1786 2063 cuius

270 2106 408 2134 unum
446 2090 626 2134 verbum
664 2088 836 2134 finitum
874 2094 1069 2149 alloquar
1104 2096 1325 2146 servatum
1360 2094 1440 2136 est.
1502 2092 1624 2143 Quod
1655 2107 1785 2148 quam

270 2164 373 2220 apte
418 2165 551 2220 atque
597 2164 777 2207 venuste
827 2163 902 2208 ille
955 2165 1129 2218 fecerit,
1175 2166 1227 2208 ut
1273 2167 1496 2223 appareat,
1544 2164 1786 2210 adscribam

272 2236 423 2281 verba:

557 2311 793 2367 Numquam
824 2326 899 2367 eqo
931 2319 984 2365 te,
1016 2314 1166 2355 misero
1197 2314 1335 2367 frater
1365 2313 1555 2368 adempte
1586 2315 1698 2367 mihi,

487 2383 703 2440 Alloquor,
735 2386 909 2429 audiero
939 2399 1163 2443 numquam
1193 2391 1267 2429 tua
1297 2387 1418 2441 sacta
1448 2388 1689 2443 loquentem,

560 2457 793 2513 Numquam
823 2471 899 2513 eqo
930 2461 984 2510 tc,
1015 2459 1103 2501 vita
1132 2460 1271 2513 frater
1301 2460 1534 2512 amabilior,

485 2530 707 2583 Aspiciam·
726 2532 915 2584 posthac.

270 2599 309 2643 A
350 2598 522 2644 Catullo
560 2599 697 2659 igitur
734 2615 903 2647 versum
949 2600 1071 2646 illum
1110 2600 1349 2659 profectum
1387 2616 1480 2647 esse
1515 2603 1783 2658 obtinemus;

270 2672 384 2731 quod
424 2672 460 2715 si
498 2675 616 2718 recte
654 2669 856 2728 tacitum,
902 2676 1085 2733 apparet
1125 2673 1165 2717 D
1206 2690 1291 2719 non
1311 2691 1384 2721 ,ex
1422 2675 1461 2719 G
1500 2676 1573 2721 sed
1603 2679 1782 2736 propria

269 2746 438 2790 ratione
494 2761 547 2791 ex
585 2746 627 2791 V
672 2747 866 2794 fluxisse.'
934 2748 1049 2793 Illud
1095 2764 1229 2793 unum
1276 2748 1447 2795 videtur
1494 2751 1782 2809 explicatione

270 2834 411 2880 egere,
444 2820 655 2878 quomodo
692 2822 857 2867 factum
888 2822 966 2877 sit,
1004 2823 1056 2865 ut
1087 2823 1134 2867 in
1164 2823 1267 2868 solis
1298 2823 1366 2868 his
1397 2824 1521 2870 libris
1553 2824 1781 2871 DP¹aAcd

265 2892 422 2939 'Ambn
440 2892 572 2938 D.-24
582 2892 676 2938 Vic.
695 2893 812 2939 Ricc.
837 2894 907 2939 hic
929 2911 1076 2939 versus
1098 2898 1233 2950 extet,
1266 2913 1292 2941 a
1315 2898 1490 2955 reliquis
1512 2898 1640 2944 absit.
1685 2898 1778 2950 Qua
