2087 3321
971 212 1030 256 43

247 337 488 395 scripturas
527 336 874 393 proposueruutz·
919 335 1000 378 leni
1039 340 1078 377 et
1118 340 1315 378 resonant
1358 331 1557 385 Vossius,
1599 335 1758 388 lenique

243 416 395 456 sonant
429 408 701 465 Lennepius‚·
722 411 803 451 leni
839 415 1034 452 resonant
1069 407 1273 452 librarius
1294 418 1298 421 '
1317 410 1367 450 ut
1403 406 1573 450 videtur
1604 404 1757 449 codicis

245 481 479 526 Cuiaciani.
541 480 730 533 Quarum
762 484 955 526 extrema
978 495 1088 538 -prae
1107 481 1262 525 ceteris
1281 495 1332 525 eo
1352 479 1524 524 videtur
1544 490 1759 523 commen-

247 554 367 606 dari,
410 556 524 614 quod
569 557 711 610 solent
747 557 902 612 poetae
940 557 1169 611 praecipue
1206 554 1252 598 in
1290 552 1554 611 imaginibus
1591 551 1759 607 copiose

244 626 371 671 elatis
417 626 623 671 sermonis
675 626 992 669 continuationi
1044 626 1230 670 medium
1282 626 1446 682 aliquid
1500 619 1759 675 ἅσυνδὲτως

248 699 521 756 interponere
550 700 604 743 cf.
637 698 822 753 Hauptii
852 699 942 743 obs.
974 699 1071 742 crit.
1104 714 1147 754 p.
1180 700 1238 742 33
1269 698 1356 757 (op.
1390 697 1412 740 I
1443 713 1486 754 p.
1518 694 1762 754 105.)Cai12.v

245 766 391 824 6242.
422 772 495 817 53.
527 770 705 825 64‚108.
738 769 871 828 verg.
898 762 1005 815 Aen.
1035 770 1057 815 Ι
1083 769 1185 815 502.
1215 769 1301 814 VII
1332 769 1435 814 380.
1463 767 1505 812 x
1528 768 1629 812 358.
1654 768 1758 813 407.

246 844 334 888 XII
375 846 478 890 333.
516 845 618 888 452.
660 845 759 889 717.
803 845 904 889 911.
962 844 1057 895 Qua
1091 845 1136 887 in
1172 859 1219 887 re
1254 844 1292 887 si
1325 848 1440 887 recte
1461 842 1758 894 iudicavimus,

244 917 398 965 codicis
436 916 473 961 Ο
520 917 636 966 ἱΙΙιιᾶ,
674 918 894 973 leviterque
939 923 1089 961 sonant
1136 931 1162 960 a
1200 918 1439 959 correctore
1476 914 1628 958 fictum
1666 928 1759 959 esse

243 991 440 1044 apparet,
472 990 548 1044 qui
578 990 720 1032 versui
750 997 950 1032 numeros
981 1003 1079 1032 suos
1110 989 1343 1032 restituere
1371 987 1586 1031 studebat.

365 1059 495 1113 64‚11

457 1134 539 1176 lua
568 1135 711 1176 rudem
742 1148 866 1177 cursu
896 1136 1025 1189 prim
1036 1147 1113 1175 am
1142 1134 1286 1176 imbuit
1316 1134 1615 1186 Amphitritem.

363 1204 482 1249 Haec
503 1208 569 1249 est
589 1205 805 1262 scriptura
824 1205 1036 1249 librorum
1059 1207 1233 1261 praeter
1255 1202 1311 1257 O,
1334 1219 1360 1247 a
1397 1218 1484 1260 qua
1521 1202 1682 1261 singuli
1713 1204 1756 1247 in

242 1278 407 1321 levibus
438 1279 694 1334 quibusdam
724 1279 852 1321 rebus
873 1278 1128 1322 disceduntt·
1148 1277 1183 1320 L
1213 1278 1259 1321 in
1281 1291 1406 1321 versu
1428 1276 1561 1321 habet
1580 1278 1759 1333 Amphi·-

241 1352 434 1403 trionem,
502 1351 575 1394 sed
641 1350 687 1394 in
755 1350 952 1408 margine
1009 1351 1274 1407 adscriptum
1340 1352 1406 1393 est
1449 1350 1758 1405 Amphitr-’tem

241 1425 381 1476 rudiit,
427 1423 541 1479 quod
588 1423 633 1465 in
666 1423 706 1465 D
754 1425 980 1467 exaratum
1027 1426 1094 1478 est
1140 1437 1221 1484 pro
1257 1424 1420 1475 imbuit,
1459 1437 1577 1467 mero
1615 1437 1760 1466 errore

240 1495 430 1550 librarii,
463 1496 538 1554 qui
581 1495 706 1540 modo
736 1497 887 1545 rudem<
911 1496 1186 1549 exaruisset,
1225 1498 1367 1538 ortum
1401 1499 1496 1546 est;
1533 1498 1764 1552 praeterea.

241 1569 281 1612 D
306 1579 410 1612 ‘non
445 1572 641 1624 primam‘
660 1569 734 1615 sed
770 1572 908 1624 prim
946 1569 1134 1613 exhibet.
1198 1568 1259 1617 Et
1294 1556 1447 1624 prima,
1490 1568 1604 1625 quod
1641 1567 1765 1620 facili,

240 1657 386 1689 errore
425 1641 682 1688 accusativis
720 1643 865 1686 rudem
901 1642 947 1685 et
986 1640 1259 1697 Amphitriten
1297 1641 1531 1699 adaequari
1570 1643 1765 1698 poterat,

240 1730 266 1759 a
297 1714 576 1758 Lachmanno
614 1715 847 1771 probatum
885 1717 971 1766 est,
1011 1714 1086 1769 qui
1122 1730 1291 1758 versum
1329 1718 1379 1758 ut
1418 1715 1494 1759 alii
1525 1717 1629 1758 ante
1660 1729 1758 1759 eum

242 1790 301 1832 sic
334 1787 529 1845 scripsit.

454 1862 536 1904 Illa
566 1862 711 1905 rudem
741 1875 865 1905 cursu
895 1863 1035 1918 prima
1063 1862 1208 1904 imbuit
1238 1863 1525 1918 Amphitriten.

241 1933 324 1983 Sed
360 1933 397 1977 Ο
437 1934 572 1977 habet
609 1935 655 1976 in
693 1949 819 1977 versu
854 1949 1055 1990 praeram
1087 1934 1174 1990 (vel
1205 1935 1443 1992 praecum),
1484 1935 1530 1979 in
1563 1935 1758 1998 margine

237 2019 426 2062 proram.
475 2005 674 2059 Ellisius„
700 2007 775 2064 qui
806 2007 973 2065 primus
1004 2021 1055 2052 eo
1086 2021 1187 2051 usus
1220 2012 1299 2061 est,
1332 2022 1358 2051 a
1380 2007 1561 2066 vulgata
1583 2006 1759 2051 recessit

239 2082 283 2130 et
313 2093 483 2122 versum
516 2077 681 2134 Catulli
713 2078 829 2123 hunc
860 2080 991 2123 fuisse
1021 2082 1229 2137 putabat:

454 2153 552 2195 lua
567 2153 710 2195 rudem
743 2168 867 2196 cursu
895 2167 1070 2208 proram
1100 2155 1244 2197 imbuit
1274 2155 1532 2210 Amphitrite.

238 2200 298 2267 Et
336 2223 604 2281 pronominis
642 2226 716 2266 illa
754 2224 841 2268 vim
878 2226 1161 2281 temporalem
1192 2240 1282 2268 esse
1313 2227 1458 2270 dicens
1489 2229 1629 2269 totam
1660 2241 1756 2268 sen-

238 2297 423 2342 tentiam
462 2296 522 2340 sic
559 2296 775 2353 explicare
816 2296 983 2341 studuit
1023 2295 1087 2355 (in
1119 2311 1271 2341 comm.
1304 2313 1346 2354 p.
1380 2298 1508 2356 231):
1549 2305 1631 2341 tum
1661 2300 1755 2352 fuit,

239 2378 282 2415 ut
314 2371 558 2427 Amphitrite
595 2384 719 2413 cursu
749 2372 946 2413 imbueret
980 2385 1156 2426 proram
1194 2373 1352 2415 rudem.
1405 2367 1488 2415 Sed
1519 2372 1625 2415 haec
1654 2386 1755 2427 pro-

240 2444 426 2495 nominis
476 2443 807 2488 demonstrativi
858 2444 921 2488 vis
967 2459 1020 2487 ex
1066 2457 1147 2487 usu
1192 2444 1399 2489 sermonis
1441 2444 1588 2490 Latini
1635 2444 1755 2488 nullo

238 2516 363 2561 modo
393 2516 571 2574 probari
601 2519 758 2574 potest.
821 2516 870 2561 Id
892 2516 1180 2561 Baehrensius
1210 2532 1381 2575 quoque
1412 2517 1646 2576 perspexit,
1678 2518 1755 2574 qui

142 2595 146 2600 ’
236 2588 498 2646 scripturam
529 2590 586 2632 ab
615 2589 770 2633 Ellisio
800 2589 1142 2634 commendatam
1173 2591 1220 2633 in
1250 2593 1376 2634 textu
1408 2591 1566 2647 posuit,
1599 2591 1644 2634 in
1676 2591 1755 2635 ad-

238 2660 459 2709 notatione
497 2664 642 2707 antem
689 2665 785 2719 ipsa
809 2677 900 2720 ·pro
937 2664 1016 2707 ma·
1047 2662 1321 2707 scribendum
1358 2677 1448 2707 esse
1492 2663 1751 2720 suspicatur.

237 2732 321 2778 Sed
336 2748 338 2750 ·
352 2735 442 2778 sive
474 2737 548 2779 itta
578 2736 668 2779 sive
700 2739 795 2793 ipsa
826 2737 1008 2794 legitur,
1049 2735 1274 2779 offensioni
1306 2739 1392 2790 est,
1430 2737 1546 2793 quod
1571 2740 1753 2793 'praeter

238 2806 479 2851 Minervam
502 2808 773 2864 Amphitrite
794 2809 1081 2867 Argonautas
1095 2823 1224 2864 opera
1246 2823 1323 2852 sua
1345 2810 1558 2854 adiuvisse
1579 2810 1751 2854 dicitur.

236 2879 352 2927 Nam
405 2895 457 2924 ex
503 2879 764 2926 Graecorum
810 2882 958 2927 fabula
1010 2882 1103 2927 sola
1149 2879 1346 2926 Minerva
1392 2882 1748 2941 Argonautarum
