2087 3321
973 218 1032 262 '47

463 342 577 384 Duce
608 342 746 385 viator
778 374 788 384 .
824 375 832 384 .
867 376 876 385 .
911 342 1036 384 basso
1066 342 1110 384 in
1139 342 1294 385 sudore
1325 341 1544 383 beamus.

245 415 418 458 Dicitur
449 413 585 471 igitur
614 414 690 457 ille
722 413 910 458 effecisse
941 413 1137 458 dativum
1167 416 1335 465 viatori,
1367 412 1443 469 qui
1472 427 1557 455 non
1578 414 1762 469 pendere

243 490 388 544 posset
419 484 502 529 nisi
533 500 586 530 ex
614 487 890 531 substantivo
920 489 1119 539 levamen,
1136 489 1182 530 et
1202 489 1350 531 tamen
1372 487 1493 529 certo
1513 484 1764 529 testimonio

245 559 418 603 constat
465 560 647 603 levamen
697 574 794 603 eum
846 560 1022 603 omnino
1073 573 1158 603 non
1206 559 1361 616 legisse
1411 559 1458 601 in
1511 558 1624 601 libro
1673 573 1763 602 suo.

245 631 388 682 Quare
418 631 731 676 insimulationi
762 633 884 676 nulla
915 647 1089 689 prorsus
1120 631 1225 675 fides
1256 631 1409 675 haberi
1439 633 1584 688 potest
1606 634 1651 675 et
1673 646 1765 685 nos,

247 705 328 761 qui⁴
353 704 501 749 iudicis
532 720 707 749 munere
738 705 976 763 fungimur,
1014 719 1136 748 reum
1167 705 1443 750 absolvimus.
1494 731 1554 738 —
1606 704 1766 749 Errore

247 777 384 836 igitur
430 778 676 822 differentia
712 777 791 821 illa
828 782 926 822 orta
965 793 1055 822 esse
1093 777 1219 838 debet
1255 777 1371 821 inter
1405 781 1559 822 viatori
1589 783 1634 823 et
1664 782 1764 823 via-

248 858 383 894 torum
414 865 553 907 neque
584 849 725 895 adhuc
756 850 863 894 satis
894 852 1077 904 constat,
1116 852 1263 893 utrum
1294 850 1506 895 scribendi
1537 867 1683 897 errore
1714 868 1768 897 ex

250 923 390 967 altero
421 926 566 966 ortum
597 924 669 968 sit.
733 922 879 979 Atque
910 923 1052 979 ipsum
1072 921 1181 965 illud
1211 924 1323 965 salso
1343 923 1456 979 quod
1479 923 1766 968 Baehreusius

251 995 524 1039 commendat
570 1010 725 1052 parum
776 996 920 1052 placet
966 1009 1105 1051 neque
1151 1009 1202 1038 eo
1233 994 1448 1048 firmatur,
1487 996 1600 1053 quod
1638 997 1768 1042 sudor

251 1066 358 1111 alibi
388 1067 525 1111 salsus
557 1068 818 1125 appellatur.
878 1067 1171 1125 Expectamus
1203 1067 1319 1110 enim
1351 1068 1623 1122 adiectivum‚
1654 1070 1769 1127 quod

250 1140 307 1183 ad
340 1154 430 1183 rem
462 1140 514 1183 de
545 1155 632 1197 qua
670 1140 817 1198 agitur
847 1140 994 1196 aliquo
1025 1140 1150 1183 modo
1181 1139 1399 1195 pertineat
1429 1140 1518 1183 sive
1549 1141 1603 1184 ad
1633 1145 1771 1186 viator

254 1212 343 1256 sive
389 1212 443 1256 ad
496 1215 649 1257 sudore
694 1212 930 1263 adiectum;
976 1214 1114 1256 salsus
1160 1213 1305 1256 autem
1353 1214 1530 1256 omnino
1576 1214 1770 1274 languet.

254 1283 361 1328 Tale
392 1284 651 1329 adiectivum
682 1289 749 1328 est
779 1287 935 1335 lassu-¹3
981 1285 1114 1339 atque
1143 1283 1188 1325 id
1219 1287 1445 1340 praeterea
1475 1299 1526 1328 eo
1556 1300 1773 1330 commen-

255 1358 397 1409 datur,
429 1358 544 1414 quod
564 1358 742 1414 propius
763 1372 894 1414 quam
921 1356 1031 1399 illud
1050 1359 1187 1400 salsus
1207 1356 1261 1400 ad
1283 1356 1543 1414 scripturam
1564 1358 1772 1403 traditam

256 1429 433 1476 accedit.
500 1430 652 1474 Lassus
684 1431 829 1474 autem
860 1444 957 1474 cum
990 1443 1076 1473 non
1103 1443 1199 1473 cum
1224 1429 1378 1473 sudore
1400 1430 1603 1489 coniungi
1623 1432 1774 1488 possit,

257 1503 495 1546 necessario
525 1504 797 1547 scribendum
828 1506 895 1545 est
925 1506 1089 1557 viatori.

379 1574 515 1629 66,50

476 1650 530 1691 Et
561 1651 632 1704 qni
662 1650 868 1704 principio
899 1648 975 1689 sub
1007 1653 1125 1689 terra
1156 1662 1357 1703 quaerere
1387 1663 1517 1691 venas

548 1722 700 1764 Institit
730 1735 784 1764 ac
813 1722 935 1776 ferri
964 1720 1204 1776 strinye're
1235 1721 1450 1763 duritiem!

383 1790 420 1835 Ο
452 1792 631 1836 exhibet
660 1795 789 1850 ferris
818 1794 986 1848 fingere,
1019 1791 1057 1835 G
1089 1795 1134 1835 et
1155 1791 1191 1834 L
1220 1795 1348 1848 ferris
1378 1794 1578 1848 frinqere,
1611 1791 1651 1834 D
1672 1795 1780 1847 ferri

261 1868 472 1923 franyere.
547 1864 775 1910 Sententia
823 1866 931 1910 haec
976 1865 1147 1910 videtur
1185 1869 1296 1910 esse:
1343 1868 1495 1923 pereat
1534 1864 1780 1923 quicunque

260 1939 429 1997 primus
465 1939 571 1982 ferri
608 1943 749 1983 venas
779 1939 823 1982 in
862 1943 982 1982 terra
1019 1940 1257 1995 quaerebat
1288 1944 1333 1983 et
1364 1939 1526 1983 ferrum
1559 1941 1781 1995 repertum

257 2012 456 2057 cudendo
487 2011 551 2057 ita
582 2012 886 2070 praeparabat,
920 2015 970 2057 ut
1002 2011 1196 2056 homines
1229 2027 1278 2057 eo
1309 2012 1373 2056 uti
1407 2015 1595 2070 possent.
1642 2010 1784 2058 Lach-

264 2099 450 2129 mannus
497 2085 656 2141 aliique
704 2088 748 2128 et
795 2088 898 2129 ante
943 2100 1038 2128 eum
1089 2088 1135 2128 et
1171 2089 1270 2141 post
1306 2102 1403 2129 eum
1441 2089 1547 2140 sewi
1583 2088 1783 2142 fremere

266 2160 457 2201 duritiem
496 2172 646 2202 verum
686 2160 953 2214 putaverunt
983 2160 1116 2215 atque
1147 2158 1190 2201 id
1223 2158 1288 2203 ita
1318 2159 1471 2216 opinor
1501 2157 1783 2216 interpretati

266 2233 389 2284 sunt,
436 2233 488 2274 ut
526 2233 726 2287 franq'ere
765 2233 955 2275 duritiem
992 2233 1100 2286 ferri
1135 2235 1249 2275 esset
1285 2232 1487 2289 frangere
1518 2232 1586 2275 vel
1617 2232 1785 2275 vincere

268 2304 553 2356 obstaculum,
584 2304 698 2360 quod
720 2304 765 2347 in
787 2304 948 2348 duritie
968 2304 1073 2348 ferri
1095 2305 1270 2349 cudenti
1291 2296 1452 2350 obstat.
1500 2303 1583 2349 Sed
1604 2305 1785 2348 interest

268 2377 454 2434 aliquid,
496 2379 644 2420 utrum
672 2377 862 2422 durities
901 2377 1048 2436 frangi
1086 2377 1256 2422 dicatur
1287 2393 1344 2422 an
1374 2379 1645 2422 obstaculum
1676 2377 1786 2421 illud

270 2451 384 2507 quod
430 2451 477 2494 in
523 2450 682 2493 duritie
730 2452 865 2501 inest3
916 2450 1097 2494 durities
1143 2451 1258 2494 enim
1296 2451 1401 2495 ferri
1439 2466 1526 2495 non
1566 2450 1788 2508 frangitur

270 2523 482 2576 cudendo,
521 2523 595 2568 sed
633 2527 830 2569 remanet
866 2522 936 2568 vel
974 2522 1080 2568 adeo
1118 2527 1319 2582 augetur.
1382 2523 1537 2581 Itaque
1567 2537 1652 2567 non
1685 2525 1789 2580 apte

262 2594 381 2639 illud
412 2595 613 2654 frangere
644 2596 727 2641 dici
760 2597 943 2641 videtur.
1007 2595 1382 2653 simplicissimum
1413 2597 1545 2641 videri
1567 2597 1706 2653 possit
1737 2611 1790 2639 ex

272 2668 426 2712 codicis
485 2668 522 2712 Ο
581 2670 799 2726 scriptura
859 2672 988 2724 ferris
1036 2672 1192 2726 finyere
1243 2670 1413 2715 efficere
1463 2670 1570 2725 ferri
1619 2669 1789 2724 lingere.

260 2740 420 2797 -Atque
442 2740 731 2785 Baehrensius
763 2743 924 2798 aliique
946 2742 1168 2786 Catullum'
1198 2743 1258 2785 sic
1277 2742 1496 2799 scripsisse
1516 2741 1792 2785 arbitrantur

276 2818 321 2857 et
359 2814 542 2858 fortasse
581 2814 662 2858 hoc
693 2814 823 2858 alicui
862 2815 1061 2858 videatur
1092 2815 1224 2858 etiam
1262 2828 1312 2856 eo
1342 2814 1648 2867 commendari,
1678 2814 1793 2870 quod

276 2887 362 2931 iam
395 2886 573 2931 Vossius
610 2886 719 2930 idem
762 2886 958 2931 coniecit.
1006 2887 1158 2937 -Quam
1202 2890 1348 2929 tamen
1393 2887 1654 2943 scripturam
1687 2902 1793 2942 quo-
