2087 3321
1003 212 1058 263 13

267 336 319 380 de
339 335 377 381 G
408 337 650 380 ceterorum
680 334 891 378 librorum
922 332 1161 390 archetypo
1190 333 1453 394 sententiam
1484 333 1622 378 firmis
1648 349 1780 391 argu-

266 404 424 453 mentis
453 421 613 460 carere.
666 406 779 451 Fieri
811 406 927 450 enim
956 408 1126 463 potest‚.
1148 407 1200 449 ut
1230 405 1333 448 libri
1353 404 1434 457 illi,
1465 406 1663 462 quamvis
1682 421 1778 450 cum

267 482 506 524 correctore
536 477 575 522 G
612 478 905 532 consentiant,
953 483 1101 522 tamen
1142 492 1247 540 non*
1268 491 1321 520 ex
1361 476 1463 530 hoc,
1510 478 1591 522 sed·
1629 490 1685 521 ex
1730 493 1781 522 eo

266 551 399 605 libro,
441 551 495 595 ad
539 566 673 609 quem·
705 551 780 595 ille
811 553 1030 596 correctus
1057 553 1158 605 θεὲ,
1184 548 1396 608 originem
1428 550 1658 596 traxerint.
1721 548 1781 593 Et

265 625 357 679 iam·
375 649 379 651 -
400 639 532 687 supra
556 640 622 689 *se
664 625 920 669 obtulerunt
958 624 1083 669 nobie
1121 625 1341 668 momenta
1387 624 1621 680 quaedam,
1669 637 1782 680 qnae

266 690 418 743 contra
452 698 702 744 Baebi-ennii
732 697 994 764 senteutiam
1024 696 1297 757 pugnabant,
1327 696 1546 752 alterum,
1587 696 1700 755 quod
1733 695 1780 742 in

266 770 304 813 G
336 770 521 814 habetur
552 774 696 814 certus
727 784 930 813 numerus
961 769 1165 812 vitiorum
1195 769 1362 815 scribae
1393 784 1538 814 errore
1569 774 1778 823 ortorum,

265 844 421 900 quibus
443 843 481 886 D
513 848 558 887 et
579 843 614 886 L
634 846 681 887 et
709 841 843 887 ceteri
872 843 1043 893 vacant,
1075 840 1276 895 alterum,
1307 842 1421 899 quod
1453 842 1589 888 etiam
1614 841 1778 887 talibus

266 915 381 969 locis,
416 915 488 958 ubi
521 914 622 971 quid
653 916 801 972 prima,
827 927 980 957 manus
1010 913 1232 971 scripserit
1262 915 1350 973 legi
1381 915 1469 959 iam
1499 929 1587 960 non
1616 918 1777 973 potest,

265 1003 366 1044 pars
398 991 638 1031 ceterorum
670 988 880 1032 librorum
911 985 955 1029 id
984 985 1172 1040 exhibet,
1204 988 1318 1043 quod
1339 1004 1365 1033 a
1386 989 1528 1045 prima
1548 992 1777 1034 exaratum

265 1059 395 1103 fuisse
427 1074 480 1103 ex
510 1060 665 1104 codicis
698 1059 735 1104 O
766 1058 983 1115 scriptura
999 1057 1245 1103 verisimile
1276 1062 1357 1103 est.

386 1131 551 1176 Revera
573 1135 718 1175 autem
736 1130 773 1174 G
798 1145 883 1186 non
904 1145 995 1174 esse
1014 1130 1284 1188 archetypon
1303 1135 1543 1178 ceterorum
1565 1133 1777 1178 librorum

264 1206 453 1249 omnium
493 1203 780 1249 demonstrari
817 1205 963 1259 potest
993 1203 1255 1261 comparatis
1287 1204 1572 1261 scripturis
1603 1205 1777 1264 dupli-

266 1278 431 1332 αἰδοῦ,
491 1291 601 1334 quae
660 1277 705 1319 in
757 1276 834 1319 illo
886 1276 997 1319 libro
1048 1279 1094 1319 et
1148 1276 1192 1318 in
1246 1276 1506 1322 Bononiensi
1556 1277 1613 1336 (B
1662 1280 1777 1335 apud

264 1349 483 1407 Ellisium)
515 1352 681 1393 extant.

384 1422 447 1466 De
505 1420 730 1479 scripturis
790 1419 1032 1476 duplicibus
1091 1422 1191 1465 libri
1243 1420 1281 1465 G
1332 1422 1484 1466 similis
1542 1427 1674 1481 atque
1724 1426 1778 1469 de

263 1496 596 1553 correctionibus
634 1494 749 1537 inter
781 1494 894 1537 viros
924 1495 1072 1539 doctos
1103 1496 1316 1539 dissensus
1347 1499 1425 1542 est.
1489 1495 1778 1543 Baehrensius

263 1569 376 1627 enim
408 1583 479 1612 eas
511 1581 657 1611 omnes
687 1566 743 1609 ab
764 1565 910 1610 eodem
931 1568 1085 1621 scriba,
1118 1567 1192 1625 qui
1212 1569 1353 1624 ipsum
1377 1572 1544 1613 textum
1566 1572 1774 1623 exaravit,

262 1656 315 1684 ex
347 1641 584 1698 archetypo
615 1638 655 1682 V
690 1638 1101 1695 transcriptasesse
1139 1644 1289 1697 putat,
1329 1647 1379 1684 ut
1415 1642 1490 1698 qui
1530 1642 1573 1685 in
1613 1642 1701 1686 illis
1732 1648 1778 1687 et

262 1713 307 1756 in
341 1716 465 1756 textu
501 1713 678 1757 eandem
716 1726 893 1755 manum
924 1727 1179 1770 cognoscere
1211 1713 1293 1756 sibi
1326 1715 1440 1758 visus
1470 1715 1541 1759 sit.
1603 1714 1701 1765 Qua
1727 1719 1776 1759 in

264 1801 310 1829 re
339 1801 603 1842 quamquam
643 1788 764 1837 sunt,
804 1784 880 1841 qui
916 1785 955 1828 ei
995 1776 1287 1843 astipulentur
1319 1786 1615 1845 (Woelfflinus
1647 1794 1772 1834 nunt.

263 1858 379 1902 erud.
413 1857 533 1902 Gott.
571 1858 686 1901 1855
717 1873 760 1914 p.
788 1846 904 1901 198'2
935 1855 1112 1900 Ellisius
1143 1858 1208 1902 ed.
1240 1858 1318 1903 alt.
1351 1874 1393 1916 p.
1416 1856 1606 1919 XLIX)‚'
1626 1863 1775 1905 tamen

262 1932 338 1976 alii
382 1932 511 1975 aliter
557 1932 609 1975 de
653 1946 704 1975 ea
752 1945 797 1974 re
839 1930 1151 1974 iudicaverunt.
1231 1930 1352 1975 Inter
1396 1947 1503 1989 quos
1551 1932 1774 1978 Bonnetus

262 2009 432 2062 partem
471 2004 785 2061 scripturarum
821 2002 999 2046 illarum
1036 2003 1093 2047 ab
1131 2003 1224 2060 ipso
1260 2005 1362 2047 libri
1394 2004 1432 2048 G
1472 2006 1614 2050 scriba
1644 2006 1794 2050 simul·

262 2092 361 2121 cum
392 2074 517 2120 textu
548 2079 771 2120 exaratam
793 2075 928 2119 videri
950 2075 1157 2129 affirmat,
1189 2080 1358 2133 partem
1380 2081 1526 2122 autem
1547 2078 1603 2122 ab
1624 2078 1788 2123 eadem>

261 2166 394 2196 manu
444 2149 650 2206 scriptam
702 2163 787 2206 qua
839 2150 1124 2194 correctiones
1175 2152 1307 2207 atque
1358 2165 1412 2194 ex
1462 2150 1618 2196 eodem
1663 2151 1774 2196 libro

262 2225 447 2283 petitam
478 2238 581 2268 esse.
631 2220 720 2266 Nos
748 2222 791 2266 in
814 2238 864 2267 ea
886 2238 932 2267 re
954 2222 1152 2268 Bonneto
1173 2223 1299 2268 fidem
1321 2222 1550 2277 habemus;
1581 2227 1772 2269 ceterum

262 2302 406 2343 utram
440 2295 697 2341 seutentiam
729 2296 978 2354 probemus,
1018 2310 1106 2340 non
1140 2296 1326 2341 multum
1357 2295 1555 2350 interest,
1595 2295 1772 2341 dubium

261 2373 375 2415 enim
413 2385 500 2414 non
541 2373 626 2421 est,
664 2370 771 2425 quin
807 2369 1048 2425 scripturae
1085 2369 1188 2413 illae
1226 2370 1417 2426 duplices
1457 2369 1501 2412 in
1534 2369 1574 2412 V
1612 2371 1774 2415 fuerint

262 2447 393 2501 afflue
425 2457 557 2487 exeo
588 2457 844 2499 quacunque
875 2442 945 2486 via
976 2441 1019 2485 in
1053 2440 1090 2485 G
1122 2442 1411 2500 pervenerint.

380 2515 582 2560 Eiusdem
629 2515 800 2572 generis
848 2515 1087 2572 scripturae
1132 2519 1237 2560 sunt
1282 2516 1415 2560 etiam
1465 2517 1509 2559 in
1564 2516 1674 2559 libro
1721 2516 1771 2569 Β,

260 2604 367 2646 quas
399 2590 486 2634 iam
515 2603 612 2633 cum
645 2587 683 2632 G
714 2587 1072 2646 comparabimus,
1127 2587 1409 2648 Undeviginti
1436 2588 1481 2633 in
1509 2603 1559 2633 eo
1580 2588 1772 2646 duplices

260 2662 500 2719 scripturae
531 2661 762 2714 habentur,
795 2675 908 2717 quae
936 2662 1107 2707 eaedem
1141 2663 1185 2705 in
1217 2661 1254 2705 G
1287 2666 1462 2706 extant:

379 2734 453 2788 2,3
482 2737 637 2791 petenti
668 2737 712 2778 al
740 2738 900 2792 parenti

385 2808 513 2861 10‚27
547 2810 697 2852 deserti
728 2811 773 2851 al
802 2809 959 2865 deferri

384 2881 485 2935 122
515 2871 683 2926 ioco‘al
712 2884 803 2926 loco
