2087 3321
1045 209 1105 253 20

309 329 553 373 ceterorum
600 329 816 387 scriptura
853 329 1050 385 profecta
1089 330 1147 373 sit
1189 330 1304 374 haud
1346 331 1474 375 dubie
1514 348 1538 377 a
1577 331 1829 382 correctore,

308 401 385 459 qui
416 404 608 447 metrum
638 403 854 460 corrigere
885 402 1137 448 conabatur.

431 475 630 533 Apparet
668 475 816 518 autem
855 474 924 518 his
963 476 1061 518 octo
1099 474 1205 519 locis
1242 489 1348 532 quos
1386 476 1513 520 modo
1543 476 1827 521 tractavimus

309 549 496 593 codicem
550 546 587 590 G
640 546 910 591 Lachmanni
966 546 1091 591 libris
1151 547 1339 603 pristina
1390 547 1559 592 librarii
1611 549 1826 605 scriptura

308 621 549 676 praestare,
596 633 685 663 non
716 607 1076 671 correctionibus3
1115 621 1218 663 sunt
1254 619 1392 676 igitur
1429 619 1618 664 eiusdem
1656 619 1828 678 generis

307 695 438 750 atque
469 692 551 746 illi,
584 707 692 750 quos
721 692 770 737 in
798 691 928 737 initio
947 692 1076 738 huius
1096 692 1403 751 disputationis
1424 693 1729 750 congessimus.
1767 693 1828 739 Et

304 767 488 811 fortasse
526 766 660 809 etiam
698 766 893 823 pertinet
934 766 1020 810 huc
1059 780 1217 821 nonus,
1266 765 1453 823 64,249‚
1499 779 1584 822 quo
1602 776 1604 779 ·
1625 765 1825 812 dubitare

302 839 421 892 licet,
452 839 556 895 quid
590 837 790 883 Catullus
823 840 1067 896 scripserit:

524 912 644 964 Quae
676 918 838 956 tamen
868 918 1168 968 prospectam
1198 913 1405 956 cedentem
1435 918 1595 955 maesta
1619 914 1822 958 carinam.

424 983 551 1029 Hanc
582 984 845 1041 scripturam
877 986 1030 1042 aperte
1061 983 1261 1028 vitiosam
1295 983 1461 1030 habent
1492 983 1528 1028 G
1541 992 1553 1013 ¹
1594 987 1639 1029 et
1670 984 1720 1039 O,
1753 984 1815 1033 G?

300 1057 555 1115 corrigendo
575 1057 738 1109 effecitz

523 1131 641 1183 Quae
672 1137 808 1174 tamen
842 1136 1065 1186 aspectans
1096 1131 1302 1174 cedentem
1332 1137 1494 1175 maesta
1525 1134 1714 1176 carinam

299 1204 429 1260 idque
449 1203 754 1246 Lachmannus
786 1217 809 1245 e
841 1202 929 1245 suis
961 1203 1084 1250 libris
1115 1202 1264 1246 edidit.
1316 1197 1467 1259 Neque
1498 1205 1651 1261 negari
1676 1207 1822 1262 potest

299 1277 381 1323 hoc
413 1280 530 1322 recte
569 1276 655 1320 dici
685 1291 822 1334 posse.
886 1275 968 1321 Sed
1010 1278 1046 1320 si
1084 1276 1360 1321 recordamur
1398 1277 1588 1320 locorum
1629 1277 1819 1332 illorum,

299 1352 350 1395 de
381 1351 538 1408 quibus
571 1350 695 1395 modo
727 1349 908 1408 egimus,
939 1348 1125 1405 suspicio
1156 1349 1324 1394 oriatur
1354 1364 1525 1395 necesse
1555 1352 1641 1404 est,
1682 1367 1737 1395 ne
1768 1355 1819 1397 ut

297 1424 386 1468 illis
424 1424 485 1469 sic
524 1423 595 1468 hic
632 1438 803 1481 quoque
841 1422 1058 1480 scriptura
1098 1424 1238 1467 metro
1282 1424 1541 1468 conveniens
1585 1426 1818 1470 correctori

296 1498 518 1541 debeatur.
566 1496 632 1541 Ea
648 1496 833 1553 suspicio
854 1496 1058 1539 firmatur
1085 1510 1147 1549 e0,
1178 1495 1291 1551 quod
1312 1497 1417 1540 duos
1438 1499 1573 1540 testes
1595 1498 1817 1552 habemus,

295 1571 371 1628 qui
401 1571 449 1614 in
480 1569 522 1613 V
554 1584 663 1628 quae
693 1576 830 1613 tamen
860 1575 1137 1625 prospectans
1167 1568 1298 1613 fuisse
1328 1570 1563 1624 testantur,
1596 1568 1657 1614 G=
1687 1572 1732 1615 et
1764 1570 1813 1615 Ο.

293 1643 345 1687 In
390 1643 656 1687 emendando
702 1643 840 1700 igitur
885 1641 1242 1698 proficiscendum
1289 1642 1461 1686 videtur
1506 1658 1560 1686 ex
1599 1643 1816 1701 scriptura

293 1731 402 1773 quae
433 1724 571 1760 tamen
602 1721 891 1772 prospectam.
954 1713 1015 1758 Et
1052 1714 1141 1759 iam
1178 1715 1288 1760 duae
1317 1717 1476 1772 patent
1512 1716 1621 1770 viae,
1659 1717 1814 1772 altera,

290 1792 341 1832 ut
387 1790 598 1846 probetur
644 1791 768 1832 vetus
819 1789 899 1831 illa
944 1787 1191 1832 coniectura
1238 1802 1347 1845 quae
1392 1796 1530 1834 tamen
1578 1797 1813 1846 aspectans,

288 1863 451 1916 altera,
498 1864 549 1906 ut
595 1877 693 1907 cum
732 1860 961 1905 Schwabio
999 1860 1216 1905 scribatur
1255 1877 1364 1919 quae
1403 1869 1487 1906 tum
1525 1854 1811 1920 prospectans.

289 1934 392 1988 Noe,
424 1951 691 1992 quamquam
735 1949 839 1980 sane
885 1933 982 1977 fieri
1026 1934 1186 1991 potuit,
1234 1937 1285 1979 ut
1329 1936 1537 1981 librarius
1581 1938 1813 1981 memoriae

287 2009 414 2065 lapsu
446 2023 500 2053 ex
530 2009 725 2053 versibus
757 2007 830 2052 52.
865 2008 937 2052 60.
971 2006 1043 2052 61.
1077 2008 1149 2062 62,
1182 2008 1337 2065 quibus
1366 2010 1549 2054 eundem
1570 2010 1615 2053 in
1636 2010 1810 2053 modum

285 2081 477 2126 Ariadne
509 2082 769 2126 describitur
798 2083 933 2137 atque
964 2081 1045 2124 hoc
1075 2081 1192 2125 loco:

502 2157 693 2212 Namque
722 2155 965 2210 fluentisono
996 2162 1321 2211 prospectans
1351 2158 1471 2199 litore
1501 2158 1609 2200 Diae
1640 2182 1698 2188 —

505 2231 634 2282 Quem
664 2230 816 2285 procul
844 2244 900 2272 em
931 2231 1032 2286 alqa
1063 2232 1231 2273 maestis
1263 2231 1412 2273 Minois
1442 2232 1580 2274 ocellis

501 2304 648 2346 Saxea
679 2308 725 2345 ut
756 2304 916 2358 effiyies
947 2304 1192 2349 bacchantis
1221 2305 1445 2360 prospicit
1476 2305 1618 2356 euhoe,

480 2370 729 2432 'Pu-aspicit
760 2382 800 2418 et
824 2408 834 2418 .
859 2407 869 2417 .
895 2409 904 2419 .

279 2436 556 2506 prospectans
587 2464 667 2507 pro
699 2448 888 2507 genuino
920 2455 1144 2506 aspectans
1175 2449 1260 2492 huc
1291 2448 1476 2493 inferret
1499 2448 1629 2507 (idern
1651 2448 1806 2492 vitium

280 2523 555 2567 commissum
587 2525 656 2566 est
688 2523 733 2565 in
755 2537 793 2567 v,
816 2523 906 2566 389
940 2523 985 2565 in
1007 2522 1048 2565 D
1082 2524 1128 2564 et
1159 2522 1204 2565 in
1227 2537 1267 2566 v,
1290 2523 1379 2566 243
1411 2522 1457 2565 in
1489 2522 1644 2575 codice,
1676 2535 1804 2577 quem

278 2594 457 2641 Ellisius
488 2596 640 2640 littera
672 2612 697 2640 a
730 2594 1030 2656 significavit),
1070 2596 1209 2654 magis
1241 2594 1331 2638 fere
1363 2609 1412 2639 eo
1442 2595 1714 2649 inclinamus,
1755 2597 1805 2638 ut

277 2668 461 2712 alteram
503 2668 801 2727 ingrediamur
838 2670 954 2713 viam
993 2669 1268 2713 recordantes
1306 2683 1436 2725 quam
1470 2682 1597 2726 saepe
1628 2669 1804 2712 voculae

275 2749 360 2784 tum
392 2744 437 2784 et
468 2749 606 2785 tamen
639 2742 709 2793 (tii
738 2745 783 2784 et
814 2744 880 2795 tra)
913 2759 939 2786 a
972 2743 1162 2785 librariis
1195 2744 1530 2786 commutentur.

398 2815 624 2859 Immerito
656 2817 803 2860 autem
836 2814 1125 2860 Baehrensius
1157 2831 1209 2860 ex
1240 2816 1472 2873 scriptura,
1503 2829 1634 2871 quarn
1665 2812 1726 2855 (αἶ’
1757 2815 1803 2855 et
