2087 3321
924 209 983 254 33

307 332 384 377 Ex
413 332 550 375 totius
580 331 664 375 loci
690 343 885 376 connexu
906 333 1091 389 apparet
1112 331 1374 384 sententiam
1397 330 1535 375 inesse
1556 331 1709 376 debere

131 430 135 434 -
193 405 241 447 in
271 404 352 448 hoc
386 418 509 448 versu
542 403 672 447 hanc:
704 418 751 448 os
781 404 920 448 nihilo
950 403 1150 448 mundius
1176 405 1243 447 est
1263 417 1394 460 quam
1416 403 1552 457 culus,
1584 406 1706 449 culus

195 476 333 521 nihilo
377 476 637 522 immundior
683 480 750 522 est
795 492 924 535 quam
969 493 1030 524 os.
1100 475 1245 534 Atque
1290 476 1402 521 hanc
1449 477 1708 523 sententiam

193 547 374 594 Ellisius
417 550 553 594 inesse
597 551 772 608 putavit
818 551 863 594 in
899 551 1073 604 verbis,
1121 565 1232 608 quae
1276 551 1321 595 in
1361 548 1562 595 editionis
1607 565 1710 595 suae

194 624 321 666 textu
351 624 516 679 posuit:
1218 619 1219 622 ¹

410 708 506 753 Nile
536 710 729 753 mundius
761 708 854 761 hoe,
884 708 1096 765 niloque
1125 710 1374 752 immundius
1402 710 1518 753 illud.

194 788 304 850 Vult
341 790 478 851 igitur
507 793 639 837 verba
675 794 922 838 immundius
953 795 1056 837 illud
1086 792 1297 849 respicere
1327 792 1381 837 ad
1414 795 1561 839 culum.
1622 791 1707 837 Sed

194 877 454 921 quamquam
502 865 666 908 codices
718 880 854 923 genus
900 869 1102 910 neutrum
1153 868 1389 919 testantur,
1444 870 1707 922 quamquam

194 933 391 981 Catullus
422 951 472 981 eo
503 936 564 981 sic
591 937 658 981 uti
686 939 843 1005 potuit,
876 926 1024 983 tamen
1045 938 1152 982 haec
1173 937 1388 995 scriptura
1411 943 1496 982 non
1517 937 1707 997 genuina

193 1009 374 1052 videtur.
422 1008 535 1054 Nam
567 1026 663 1054 cum
695 1012 743 1054 in
773 1012 1058 1067 pentametro,
1089 1010 1134 1053 in
1156 1025 1241 1067 qno
1261 1011 1383 1055 nulla
1405 1014 1471 1055 est
1491 1011 1706 1055 librorum

192 1080 495 1139 discrepantia,
531 1099 667 1142 genus
699 1084 985 1129 masculinum
1015 1082 1272 1129 habeamus:

415 1170 561 1212 Verum
592 1172 717 1213 etiam
748 1155 864 1212 culus
894 1170 1086 1232 mundior
1115 1175 1156 1213 et
1185 1170 1343 1221 melior,

191 1249 236 1293 in
268 1250 517 1297 hexametro
556 1269 725 1311 qnoque
764 1269 851 1298 non
891 1254 1108 1298 credemus
1148 1254 1321 1309 poetam
1361 1265 1519 1309 genere
1550 1255 1705 1298 neutro

192 1337 316 1367 usum
357 1339 457 1371 esse.
522 1325 713 1379 Accedit,
752 1325 865 1383 quod
901 1325 1125 1379 librarius,
1174 1325 1249 1382 qui
1294 1324 1419 1368 modo
1451 1328 1706 1370 exaraverat

190 1399 379 1441 mundius
408 1400 506 1452 hoc,
546 1398 583 1441 si
621 1399 705 1443 iam
741 1398 1025 1442 masculinum
1056 1399 1304 1442 immundior
1332 1399 1401 1441 ille
1430 1398 1704 1456 sequebatur,

190 1469 306 1515 facili
345 1486 488 1515 errore
528 1471 609 1517 hoc
646 1474 895 1533 convertere
924 1473 1100 1529 poterat
1137 1472 1183 1515 in
1223 1473 1424 1515 neutrum
1455 1472 1706 1515 immundius

188 1545 302 1587 illud.
366 1544 654 1589 praeferenda
698 1545 835 1604 igitur
882 1544 1053 1587 videtur
1099 1545 1334 1601 scriptura,
1385 1558 1515 1600 quam
1563 1542 1705 1587 Lach-

189 1631 373 1660 mannus
404 1618 451 1661 in
482 1620 609 1661 textu
640 1617 792 1661 habet:
1685 1618 1695 1628 ’

336 1747 338 1749 ,
405 1705 541 1748 Nihilo
571 1705 763 1748 mundius
792 1698 884 1756 hoe,
916 1703 1126 1758 nihiloque,
1153 1703 1401 1746 immundior
1430 1704 1510 1747 ille.

187 1786 281 1831 Iam
312 1788 461 1847 igitur,
493 1791 723 1847 postquam
745 1788 798 1832 de
817 1802 965 1831 versus
985 1787 1124 1831 forma
1145 1772 1472 1850 disputavimus,
1490 1788 1704 1846 progredi

187 1860 290 1905 licet
319 1860 376 1907 ad
407 1861 465 1915 id,
504 1865 770 1920 quapropter
799 1861 851 1904 de
883 1874 933 1904 eo
964 1861 1095 1905 verba
1126 1859 1319 1908 facimus
1384 1860 1557 1905 Codices
1589 1861 1704 1905 enim

188 1948 266 1989 pro
296 1936 515 1992 nihiloque,
553 1934 665 1991 quod
698 1934 804 1992 quin
835 1949 984 1978 verum
1015 1933 1075 1976 sit
1106 1948 1229 1977 nemo
1261 1933 1455 1987 dubitat,
1495 1933 1704 1978 exhibent

184 2009 383 2065 nobisque
415 2010 589 2065 praeter
621 2007 782 2060 ODL¹;
814 2009 858 2051 in
882 2007 919 2051 O
950 2010 1157 2064 nihiloque
1188 2007 1388 2061 habetur,
1423 2006 1468 2050 in
1490 2006 1530 2050 D
1559 2009 1703 2060 nihilo,

187 2080 232 2123 in
265 2080 300 2124 L
331 2097 357 2125 a
388 2097 520 2126 manu
558 2081 744 2125 secunda
782 2082 829 2125 in
860 2081 1057 2139 margine
1087 2083 1293 2137 nihiloque
1324 2080 1591 2137 adscriptum
1623 2084 1699 2125 est.

188 2152 450 2210 Corruptum
495 2157 640 2198 autem
687 2154 797 2199 illud
840 2156 1038 2211 nobisque
1084 2169 1138 2197 ex
1184 2149 1434 2210 compendio
1475 2143 1703 2211 archetypi
1788 2215 1791 2219 .

186 2227 297 2271 male
342 2226 569 2272 intellecto
611 2229 759 2271 ortum
805 2241 897 2271 esse
934 2225 1127 2270 videmus
1173 2242 1227 2270 ex
1264 2226 1407 2271 codice
1447 2225 1498 2272 O.
1561 2222 1616 2270 In'
1652 2241 1702 2270 eo

185 2349 299 2393 enim
336 2351 541 2406 nihiloque
579 2328 827 2412 compendio
867 2347 927 2391 sic
963 2302 1062 2405 notq;
1101 2350 1311 2407 scriptum
1344 2351 1422 2402 est,
1456 2352 1506 2393 ut
1537 2365 1563 2393 a
1593 2353 1701 2407 n5q;

186 2420 419 2480 (nobisque)
452 2422 524 2465 vix
556 2421 765 2479 distingui
795 2421 944 2477 possit,
990 2426 1035 2465 et
1058 2437 1235 2478 prorsus
1255 2422 1439 2465 similem
1461 2423 1506 2466 in
1528 2424 1699 2467 modum

185 2494 485 2553 compendium
507 2494 616 2539 illud
637 2494 683 2539 in
705 2493 943 2552 archetypo
964 2496 1190 2540 exaratum
1213 2494 1345 2539 fuisse
1361 2495 1604 2552 ponendum
1622 2499 1700 2543 est.

307 2579 454 2638 Atque
484 2580 685 2625 omnibus
716 2579 784 2623 his
818 2580 949 2634 locis,
966 2580 1018 2624 de
1040 2581 1198 2638 quibus
1220 2580 1361 2624 adhuc
1382 2580 1428 2622 in
1450 2579 1530 2623 hac
1549 2580 1698 2638 dispu-

183 2654 364 2698 tationis
395 2654 613 2711 particula
644 2654 826 2713 egimuS,
856 2669 959 2697 vera
989 2654 1218 2709 scriptura,
1251 2668 1362 2709 quae
1392 2655 1470 2697 aut
1497 2654 1592 2710 ipsa
1622 2660 1700 2700 ant

183 2726 337 2771 leviter
376 2728 583 2785 corrupta
618 2729 771 2785 postea
808 2727 852 2770 in
892 2726 929 2772 Ο
968 2729 1143 2784 reperta
1183 2727 1283 2787 est,
1307 2725 1396 2770 iam
1432 2726 1479 2771 in
1510 2727 1700 2773 editione

184 2799 537 2853 Lachmanniana
558 2800 758 2844 habetur.
806 2801 900 2845 Iam
922 2801 1069 2844 adeos
1089 2800 1362 2856 pervenimus
1383 2801 1512 2853 locos,
1543 2801 1700 2856 quibus

183 2874 399 2931 scriptura
450 2875 598 2917 textus
643 2871 987 2919 Laohmanniani
1038 2873 1214 2930 probari
1259 2887 1345 2917 non
1393 2875 1559 2971 pcgtesm
1610 2877 1699 2917 tres
