2087 3321
1056 215 1082 256 2

305 335 431 389 parte
481 337 583 376 ante
605 335 771 384 ‚omnia
803 335 842 376 ei
883 332 1167 390 componendi
1207 337 1308 376 sunt
1350 334 1446 387 loci,
1488 335 1643 392 quibus
1683 332 1720 377 G
1752 336 1830 377 aut

307 406 529 450 meliorem
576 410 654 450 aut
703 407 892 463 peiorem
941 420 1071 462 quam
1104 400 1373 449 Lachmanni
1418 407 1533 450 libri·
1567 407 1828 464 scripturam

307 478 496 524 exhibet.
562 478 794 523 Praeterea
827 493 924 522 cum
957 478 1069 520 libro
1091 475 1129 520 G
1162 480 1326 521 multae
1358 479 1642 523 correctiones
1675 478 1828 523 radcn-
1906 525 1912 532 ,

307 550 360 594 do
393 550 459 592 vel
494 551 778 608 expungendo
809 551 952 595 factae
984 550 1233 606 multaeque
1255 550 1497 607 scripturae
1517 551 1708 608 duplices
1730 566 1829 609 pro-

306 624 426 679 priae
466 623 568 675 sint,
609 629 805 667 nostrum
855 625 939 667 erit
976 638 1182 680 quaerere
1223 623 1275 667 de
1315 623 1382 666 his
1421 623 1524 681 quid
1556 624 1830 670 indicandum

305 696 375 739 sit.
439 695 578 739 Simul
613 699 758 740 autem
794 697 836 739 id
869 696 1085 755 agendum
1118 699 1197 750 est,
1231 700 1280 739 ut
1313 698 1537 754 appareat,
1575 712 1681 740 num
1713 700 1830 741 recte

306 767 598 813 Baehrensius
633 770 691 826 (p.
727 768 834 812 XIX
867 770 980 826 sqq.)
1022 773 1065 812 et
1097 770 1172 826 qui
1204 769 1242 813 ei
1275 769 1502 827 astipulati
1535 773 1637 813 sunt
1670 770 1830 814 librum

304 840 342 884 Gr
375 842 643 898 archetypon
679 845 938 887 ceterorum·
970 843 1179 886 librorum
1217 846 1392 900 praeter
1432 840 1468 886 Ο
1508 842 1700 887 omnium
1739 858 1830 887 esse

304 914 605 958 iudicaverint.
1151 965 1154 969 ⁴

426 986 520 1029 Iam
540 987 608 1029 ¹ad
641 988 953 1030 enumerandos
982 1003 1053 1031 eos
1080 988 1195 1032 locos
1224 1003 1298 1030 nos
1325 989 1629 1041 convertimus,
1660 989 1829 1045 quibus,

304 1075 402 1103 cum
444 1058 712 1102 Lachmanni
760 1060 925 1104 codices
971 1063 1222 1117 corruptam
1270 1051 1531 1116 scripturam
1577 1062 1828 1117 praebeant,

304 1130 342 1175 G
383 1133 463 1175 aut
502 1145 651 1174 verum
693 1131 882 1175 servavit
922 1135 999 1177 aut
1037 1135 1153 1176 certe
1192 1133 1368 1190 propius
1409 1147 1539 1190 quam
1579 1132 1647 1176 illi
1685 1131 1741 1177 ab
1780 1146 1842 1176 eo‘

304 1206 440 1248 abest.
495 1203 618 1247 Inter
649 1219 757 1261 quos
789 1205 929 1261 primo
961 1208 1054 1250 loco
1087 1221 1157 1249 eos
1184 1221 1357 1262 ponam,
1391 1192 1547 1262 quibus
1571 1221 1722 1249 verum
1743 1206 1830 1249 iam

304 1279 359 1321 ab
392 1277 518 1321 Italis
550 1278 777 1322 inventum
809 1282 854 1322 et
886 1293 912 1323 a
943 1279 1221 1323 Lachmanno
1247 1279 1478 1339 probatum
1501 1282 1608 1323 erat.
1660 1275 1830 1336 Ubique

303 1356 449 1396 autem
491 1352 731 1395 adscribam
768 1353 1028 1409 scripturam
1062 1354 1217 1398 codicis
1250 1352 1301 1405 Ο,
1340 1351 1754 1410 quocommoditati
1786 1355 1831 1395 et

302 1425 397 1480 lege
454 1424 543 1466 ium
576 1426 621 1465 et
654 1427 703 1466 ut
734 1424 849 1467 infra
881 1427 1112 1481 apparebit
1144 1430 1315 1469 nostrae
1347 1425 1614 1470 consulatur.

459 1495 500 1549 ‚8

528 1571 577 1612 Ut
608 1584 696 1613 mos
728 1577 787 1614 est
821 1577 953 1623 tuus,
987 1573 1288 1628 applicansque
1321 1573 1468 1614 collam

523 1650 658 1684 tuum
693 1643 732 1684 D
764 1647 862 1686 tuis
896 1644 930 1686 L
967 1653 1081 1689 tuus
1113 1644 1190 1688 GO

433 1713 565 1766 11‚10

526 1788 722 1831 Caesaris
753 1791 922 1831 visens
954 1791 1202 1831 monimenta
1234 1791 1374 1844 rnayni

523 1861 712 1913 videns¹
736 1859 814 1904 DL
845 1863 1016 1905 visens
1048 1859 1124 1904 GO

427 1933 531 1985 22‚4
1086 1985 1088 1987 v

526 2007 632 2049 Puto
664 2020 773 2049 esse
804 2020 894 2061 eqo
925 2007 985 2048 illi
1015 2008 1129 2048 milia
1162 2013 1234 2048 aut
1267 2008 1406 2049 decem
1437 2012 1510 2049 aul
1541 2007 1667 2062 plura

522 2094 614 2134 eqo
647 2094 754 2122 esse
787 2077 864 2120 DL
896 2094 1005 2123 esse
1037 2094 1128 2134 eqo
1161 2078 1238 2122 GO

427 2151 529 2204 37‚9

524 2226 681 2280 Atqui
709 2232 877 2279 putate.-
909 2239 1086 2279 namque
1118 2228 1242 2267 totius
1273 2226 1390 2267 vobis

522 2304 677 2352 atque
710 2295 786 2340 DL
819 2300 962 2353 atqui
995 2295 1071 2341 (ΞΟ

428 2369 593 2421 61,166
627 2368 755 2427 (159)

527 2443 728 2498 Transfer
759 2446 919 2487 omine
952 2459 1041 2487 cnm
1075 2446 1182 2488 bono

521 2518 710 2558 onnt‘ne
743 2515 783 2558 D
816 2531 955 2560 omne
988 2518 1022 2561 L
1055 2521 1214 2561 omine
1247 2514 1324 2559 GO

428 2587 561 2639 63,76

522 2662 587 2703 Ibi
619 2663 801 2704 iuncta
832 2664 930 2716 iuya
965 2663 1172 2704 resolvens
1208 2661 1353 2718 Cybele
1384 2661 1569 2703 leonibus

520 2736 696 2776 vincta
729 2731 806 2775 DL
838 2735 1017 2777 iuncta
1049 2732 1126 2776 GO
1491 2742 1494 2746 '

430 2805 661 2851 Praeterea
694 2806 766 2851 hic
798 2806 1122 2850 memorandum
1157 2811 1224 2850 est
1254 2821 1413 2852 nomen
1444 2808 1603 2858 Attis,
1640 2804 1754 2861 quod
1785 2804 1830 2847 in

302 2893 337 2922 c.
374 2879 431 2921 63
464 2879 600 2922 sexies
631 2880 832 2923 occurrit.
885 2878 999 2922 Nam
1031 2879 1076 2922 in
1102 2879 1140 2922 D
1173 2885 1218 2922 et
1241 2879 1275 2922 L
1306 2880 1466 2936 ubique
1500 2881 1609 2922 athis·
1634 2881 1695 2921 ‘ct'
1715 2880 1830 2921 amin
