2087 3321
997 211 1056 256 53

273 335 472 391 respexit.
541 331 693 389 Neque
738 337 884 376 tamen
922 332 1027 377 haec
1064 347 1210 376 versus
1249 347 1351 389 pars
1394 333 1511 376 omni
1541 334 1787 393 corruptela

272 406 468 459 vacabat,
502 403 574 447 sed
607 404 837 449 laborabat
868 404 1050 461 antiquo
1081 405 1257 449 mendo:
1286 419 1471 461 propere
1489 419 1570 461 pro
1589 419 1787 460 peperere

271 479 358 523 iam
398 477 443 521 iu
476 476 518 520 V
557 476 763 534 scriptum
802 477 933 522 fuisse
970 491 1024 521 ex
1065 476 1256 522 codicum
1287 491 1498 521 consensu
1528 475 1786 534 colligimus.

272 549 331 594 Et
364 549 520 593 falsum
552 549 632 594 hoc
660 564 841 607 propere
872 549 963 592 sine
994 549 1124 598 dubio
1156 549 1288 594 etiam
1319 549 1366 593 in
1397 556 1476 593 suo
1495 548 1638 592 codice
1671 549 1788 606 lege-

272 624 367 675 bat;
385 622 459 667 ille
475 623 611 680 igitur
623 638 764 681 neque
780 637 949 667 versum
965 625 1081 667 reete
1097 623 1299 681 scandere
1314 622 1788 680 potuitnequeomnino

271 694 528 739 sententiam
545 695 776 749 intellexit,
792 693 1029 746 sedtamen
1045 692 1191 739 divina
1205 709 1291 752 qua
1300 697 1395 739 erat
1403 695 1538 742 animi
1546 693 1787 753 sagacitate

272 763 442 825 eumque
457 768 564 812 illud
581 769 698 811 recte
706 781 786 823 pro
793 772 917 822 atque
926 764 1133 828 reposuit.
1150 765 1295 820 Vides,
1304 769 1468 824 quanta.
1476 757 1785 822 probabilitate

268 842 349 885 hoc
366 841 458 885 loco
475 838 727 884 correctoris
735 853 910 882 manum
927 852 1222 897 agnoscamus.
1233 864 1291 871 —
1301 840 1443 892 Quare
1450 853 1548 883 cum
1558 837 1609 882 de
1618 853 1784 883 eorrec-

267 914 386 958 tione
404 913 474 957 hic
494 911 677 970 cogitari
700 925 786 954 non
807 910 957 968 possit,
980 925 1003 954 e
1022 911 1164 955 codice
1182 911 1234 966 G,
1257 913 1301 955 in
1318 926 1403 969 quo
1420 918 1543 968 atque
1558 913 1783 954 exaratum

267 989 353 1039 est,
402 984 442 1027 D
491 999 575 1028 non
624 983 793 1035 videtur
839 983 1058 1028 derivatus
1097 999 1208 1038 esse,
1257 984 1330 1028 sed
1373 999 1426 1027 ex
1463 983 1556 1041 ipso
1596 982 1638 1026 V
1675 983 1783 1027 illud

268 1072 440 1115 cumque
479 1057 525 1100 iu
556 1055 596 1099 D
635 1055 856 1100 transiisse
894 1058 1142 1114 ponendum
1177 1060 1257 1102 est.
1318 1054 1432 1101 Nam
1468 1072 1521 1101 ex
1553 1055 1590 1100 O
1621 1059 1699 1101 aut
1730 1072 1783 1100 ex

267 1130 319 1185 B,
350 1144 535 1188 quorum
568 1129 643 1173 ille
675 1144 866 1186 eumque,
908 1129 979 1173 hic
1011 1137 1134 1187 alque
1167 1132 1221 1175 al.
1255 1145 1428 1187 cumque
1458 1129 1652 1187 praebet,
1685 1144 1782 1173 eum

266 1201 442 1247 fluxisse
473 1217 598 1246 nemo
629 1204 809 1254 statuet,
849 1202 925 1259 qui
955 1192 1158 1247 naturam
1191 1201 1345 1247 horum
1377 1203 1570 1247 codicum
1600 1204 1780 1247 noverit.

269 1276 472 1326 Efficitur
512 1277 680 1328 autem,
720 1278 771 1319 ut
807 1275 895 1319 iam
934 1289 1065 1332 supra
1096 1275 1157 1333 (p.
1194 1276 1268 1334 15)
1303 1275 1498 1329 vidimus,
1521 1266 1582 1322 fex
1612 1270 1783 1320 collatis

265 1347 491 1406 scripturis
538 1346 748 1392 librorum
782 1347 913 1392 GOB
963 1349 1009 1391 in
1044 1349 1292 1406 archetypo
1331 1347 1371 1391 V
1410 1348 1523 1392 hanc
1569 1348 1781 1405 duplicem

263 1459 525 1514 scripturam
564 1457 759 1501 extitisse
799 1427 937 1514 ἇῖἒξιῖ.
1015 1457 1164 1516 Atque
1202 1457 1303 1503 hinc
1341 1458 1455 1516 quod
1490 1458 1633 1516 ipsum
1672 1457 1782 1502 illud

265 1544 436 1588 eumque
473 1529 518 1573 in
539 1529 593 1574 *V
623 1531 849 1574 exaratum
880 1529 1011 1575 fuisse
1042 1530 1219 1585 seimus,
1247 1531 1408 1574 -multo
1431 1530 1698 1589 probabilius
1730 1530 1780 1573 fit

262 1604 527 1661 scripturam
566 1604 668 1648 libri
699 1603 739 1647 D
779 1620 802 1648 e
833 1602 874 1646 V
906 1603 952 1647 in
984 1603 1024 1647 D
1062 1604 1324 1661 pervenisse,
1365 1620 1451 1649 non
1473 1621 1509 1649 a
1539 1606 1780 1649 correctore

263 1675 497 1735 repositam
533 1690 637 1723 esse.
953 1671 957 1674 ⁴

382 1739 544 1803 68,119
663 1797 671 1804 ‚
1091 1807 1093 1811 .

478 1825 587 1868 Nam
616 1838 748 1880 neque
779 1829 878 1867 tam
910 1837 1055 1868 carum
1086 1825 1274 1881 confecto
1306 1830 1443 1870 aetate
1470 1827 1639 1884 parenti

552 1897 643 1940 Una
674 1903 801 1952 eaput
831 1898 916 1940 seri
945 1903 1049 1940 nata
1080 1899 1242 1954 nepotis
1273 1900 1359 1941 alit.

256 2021 258 2023 ‚
382 1968 433 2012 In
466 1969 507 2013 D
541 1971 656 2013 reete
688 1969 896 2026 scriptum
928 1971 994 2013 est
1025 1984 1101 2013 nec
1131 1976 1234 2023 tam,
1277 1970 1323 2014 in
1353 1967 1414 2024 G‚‘
1437 1984 1490 2014 ex
1521 1983 1606 2026 quo
1638 1968 1777 2014 Data-

260 2055 365 2085 num
400 2040 642 2086 derivatum
675 2056 766 2085 esse
797 2040 948 2101 dicunt
978 2057 1053 2085 nee
1084 2057 1228 2086 causa.
1290 2040 1350 2084 Et
1380 2056 1466 2098 quo
1496 2051 1640 2086 errore
1670 2042 1778 2086 haec

261 2115 344 2160 duo
374 2110 505 2160 verba.
543 2115 786 2173 permutari
822 2115 1065 2173 potuerint,
1105 2114 1191 2160 iam
1222 2114 1297 2160 diu
1327 2115 1591 2174 explicatum
1623 2117 1690 2159 est
1705 2116 1775 2161 cf.

262 2185 485 2239 Schwabe,
517 2188 582 2231 ed.
614 2189 752 2245 praef.
774 2203 817 2245 p.
838 2187 979 2232 XXV.
1026 2176 1146 2233 Illud‘
1173 2196 1259 2234 tam
1290 2205 1316 2241 a
1348 2189 1526 2236 librario
1557 2204 1580 2233 e
1610 2189 1775 2233 coniec-

260 2263 360 2304 tura
408 2259 642 2316 repositum
690 2276 781 2305 esse
826 2275 1001 2319 prorsus
1040 2261 1291 2307 incredibile
1330 2264 1417 2314 est;
1455 2276 1589 2319 quare
1628 2277 1772 2325 veram

258 2333 516 2389 scripturam
550 2348 573 2377 e
594 2333 634 2376 V
666 2334 710 2377 in
732 2333 772 2377 D
803 2334 1027 2379 transiisse
1056 2334 1299 2392 putandum
1330 2337 1409 2380 est.
1450 2333 1568 2386 Quae
1599 2338 1774 2379 senten-

258 2405 322 2449 tia
353 2420 501 2449 rursus
531 2406 657 2451 valde
687 2423 737 2452 eo
769 2398 1061 2461 confirmatur,
1094 2408 1207 2465 quod
1239 2409 1285 2452 in
1317 2407 1360 2449 V
1391 2407 1606 2464 duplicem
1635 2409 1772 2466 scrip-

258 2517 403 2559 turam
435 2481 566 2562 οιΐιῗοα
598 2516 793 2562 extitisse
824 2532 847 2561 e
878 2517 1047 2562 collatis
1079 2516 1293 2576 librorum
1328 2516 1587 2562 testimoniis
1612 2533 1772 2576 cogno-

255 2586 433 2631 scimus:
473 2589 606 2633 habet
637 2589 752 2633 enim
784 2589 821 2634 Ο
854 2597 959 2644 tam,
990 2590 1028 2635 B
1064 2591 1109 2634 iu
1140 2591 1267 2636 textu
1299 2605 1451 2643 causa,
1489 2590 1534 2633 in
1575 2593 1772 2651 margine

257 2660 302 2703 al
337 2675 470 2717 neque
507 2668 592 2705 tam
632 2659 711 2731 (cf.⁴
744 2676 788 2719 p.
832 2662 920 2722 15).
982 2662 1102 2708 Idem
1139 2663 1277 2727 igitur
1314 2676 1367 2705 ex
1402 2662 1484 2706 hoc
1514 2663 1607 2709 loco
1638 2667 1772 2723 atque

260 2748 311 2777 ex
342 2732 486 2801 priore
517 2733 594 2778 illo
627 2734 759 2787 66445
791 2749 1054 2792 consequens
1084 2734 1150 2788 fit,
1182 2733 1239 2777 D·
1255 2749 1340 2779 non
1371 2750 1395 2778 e
1425 2734 1567 2779 codice
1587 2734 1624 2778 G
1658 2735 1796 2779 deri-'

259 2810 407 2852 vatum
440 2821 542 2851 esse.

363 2888 365 2891 ⁴
375 2879 481 2934 97‚3
