2087 3321
965 241 1020 288 21

241 370 278 416 Ο
307 367 531 420 exhibent,
577 360 741 423 aliquid
779 364 989 422 expiscari
1029 363 1204 406 studens
1242 377 1322 419 pro
1363 364 1540 406 velatum
1579 364 1750 421 scripsit

239 445 437 487 vallatum
468 439 652 493 64‚293:

461 513 704 557 Vestibulum
735 518 780 555 ut
809 511 919 555 molli
948 511 1156 553 velatum
1185 510 1337 564 fronde
1361 511 1527 551 vireret.

330 574 481 628 Tulem
512 584 777 629 Lachmanni
808 584 910 626 libri
948 583 1064 625 hunc
1094 596 1265 624 versum
1295 583 1538 633 testantur,
1578 580 1623 623 in
1654 580 1692 623 G
1724 597 1751 624 a

241 673 297 703 m.
329 673 394 716 pr.
417 660 609 702 vellatum
640 657 864 700 exaratum
896 656 975 706 est,
1007 670 1034 698 a.
1054 655 1293 697 correctore
1313 654 1502 697 alterum
1523 655 1540 696 l
1559 667 1749 703 erasum3

236 734 428 774 vellatum
464 732 615 774 littera
655 732 670 771 l
705 728 936 784 dupliciter
981 727 1144 784 scripta
1182 730 1409 784 praeterea.
1448 729 1573 772 extat
1611 727 1655 770 in
1697 725 1747 772 Ο.

237 803 408 861 Duplex
446 803 562 848 enim
601 804 616 845 l
651 800 785 844 habet
822 800 1150 861 explicationem
1188 813 1313 848 ,suam
1351 814 1404 843 ex
1429 799 1748 852 ,consuetudine

236 875 325 929 illa,
348 892 434 933 qua
455 877 499 919 in
521 875 760 930 archetypo
782 885 863 916 non
887 874 1025 916 solum
1046 887 1251 917 consonas
1273 873 1506 929 dupliciter
1524 873 1746 930 ponendas

236 946 365 989 semel
397 949 571 988 tautum
603 946 785 1001 scriptas
817 944 888 1001 (cf.
910 944 1223 989 Baehrensium
1254 962 1296 1002 p.
1320 944 1474 1003 XLV),
1506 946 1580 990 sed
1611 945 1744 989 etiam

235 1018 365 1062 semel
397 1019 613 1073 ponendas
645 1017 887 1075 duplicatas
918 1030 1008 1061 esse
1035 1018 1190 1062 scimus
1211 1016 1272 1074 (4,
1297 1018 1335 1060 1.
1362 1016 1433 1062 10.
1457 1015 1514 1060 15
1533 1018 1746 1072 phasellus

238 1090 318 1142 17,
341 1089 384 1134 4.
417 1089 520 1143 28,9
558 1092 758 1147 suppinus
788 1088 891 1143 28,8
931 1089 1079 1145 reffero
1110 1090 1244 1144 2933
1276 1091 1607 1145 oppulentissime
1639 1090 1744 1142 373

234 1166 413 1218 pilleatis
438 1164 584 1225 ¹61‚92
617 1163 712 1222 (88)
753 1166 901 1208 ortullo
932 1163 1095 1216 61‚168
1129 1163 1256 1222 (161)
1292 1164 1496 1215 rassilem,
1534 1161 1660 1220 alia);
1699 1166 1744 1206 et

235 1236 435 1280 firmatur
468 1236 636 1281 velandi
670 1237 847 1281 verbum
879 1235 947 1279 his
976 1236 1082 1279 locis
1114 1235 1236 1281 Ovid.
1269 1234 1398 1278 Trist.
1432 1234 1497 1278 IV
1528 1234 1622 1288 2‚3:

449 1311 626 1368 Altaque
657 1311 890 1354 velentur
918 1312 1102 1364 fortasse
1136 1312 1301 1353 Palatia
1331 1311 1488 1353 sertis

233 1385 278 1425 et
310 1382 441 1441 Verg.
475 1383 584 1428 Aen.
607 1383 654 1427 II
683 1383 772 1427 248
793 1398 878 1439 sq.:

451 1455 538 1500 Nos
569 1457 743 1499 delubra
774 1458 894 1500 deum
923 1458 1075 1509 miseri,
1108 1457 1255 1512 quibus
1284 1457 1448 1500 ultimus
1479 1462 1584 1499 esset

315 1586 318 1589 y
449 1531 525 1572 Ille
555 1531 657 1581 dies,
689 1532 800 1585 festa
829 1532 1058 1573 velamus
1088 1531 1274 1584 fronde
1301 1544 1380 1585 per
1409 1531 1565 1574 urbem.

358 1600 555 1647 Vidimus
584 1601 922 1646 correctionibus
954 1596 1119 1647 nullam
1151 1602 1307 1647 bonam
1340 1602 1600 1661 scripturam
1631 1603 1678 1646 in
1705 1602 1744 1645 G

233 1675 402 1719 illatam
444 1690 554 1728 esse,
601 1689 712 1732 quae
757 1690 843 1719 non
888 1674 933 1718 in
972 1674 1013 1718 D
1049 1677 1095 1719 et
1132 1673 1168 1718 L
1208 1677 1343 1720 extet.
1410 1673 1562 1732 Neque
1604 1676 1744 1719 multo

232 1748 369 1792 maior
406 1751 473 1792 est
512 1748 697 1801 fruetus,
735 1759 862 1804 quem
899 1763 952 1792 ex
982 1747 1208 1805 scripturis
1239 1748 1481 1805 duplicibus
1512 1749 1567 1793 ad
1598 1763 1744 1792 emen-

233 1821 420 1865 dandum
442 1824 608 1865 textum
631 1822 842 1878 capimus;
864 1834 1023 1878 parvus
1044 1823 1111 1864 est
1131 1836 1334 1865 numerus
1354 1836 1502 1866 earum
1518 1822 1742 1875 bonarum,

233 1910 342 1951 quae
374 1896 544 1952 quidem
576 1895 851 1940 Lachmanno
883 1910 936 1938 ex
967 1894 1007 1938 D
1038 1897 1084 1940 et
1114 1894 1150 1938 L
1181 1895 1369 1939 nondum
1405 1898 1534 1940 notae
1565 1894 1742 1940 fuerint.

232 1967 336 2011 Plus
373 1969 487 2012 enim
527 1968 752 2026 octoginta
791 1969 836 2027 in
868 1968 906 2012 G
944 1984 1040 2013 cum
1077 1971 1229 2027 extent
1260 1968 1451 2026 duplices
1489 1969 1743 2026 scripturae,

234 2039 270 2083 si
301 2054 372 2083 eos
404 2041 621 2099 exceperis
650 2041 777 2096 locOS,
810 2042 965 2098 quibus
988 2043 1174 2100 utraque
1194 2042 1305 2087 falsa
1326 2043 1406 2095 est,
1437 2042 1536 2100 plus
1557 2042 1743 2098 quadra-

235 2112 359 2170 ginta
390 2114 495 2158 locis
526 2129 597 2168 ea,
637 2130 747 2172 quae
784 2115 899 2158 inter
930 2129 1078 2160 versus
1110 2115 1329 2173 adscripta
1358 2117 1438 2169 est,
1471 2130 1593 2169 vera,
1633 2131 1744 2173 quae

234 2186 277 2228 in
311 2188 436 2229 textu
467 2191 659 2241 exarata,
690 2188 801 2233 falsa
832 2191 917 2240 est3
950 2190 1040 2233 fere
1072 2189 1230 2247 viginti
1262 2189 1366 2233 locis
1397 2190 1510 2247 quod
1541 2190 1588 2233 in
1620 2192 1744 2233 textu

233 2263 354 2302 extat
386 2274 546 2313 verum,
579 2261 693 2316 quod
724 2260 840 2305 inter
872 2276 1019 2306 versus
1050 2263 1332 2319 depravatum
1363 2266 1450 2315 est;
1482 2262 1527 2308 in
1559 2266 1743 2320 utroque

230 2334 374 2376 autem
407 2332 595 2377 locorum
628 2333 778 2378 ordine
808 2335 1017 2391 quattuor
1049 2337 1222 2379 tantum
1253 2337 1377 2389 sunt,
1417 2335 1572 2393 quibus
1604 2335 1743 2379 Lach-

234 2405 520 2473 meffrnistibri
549 2406 712 2465 *falsam
752 2408 1009 2465 scripturam
1048 2408 1271 2466 praebent.
1336 2409 1482 2466 Atque
1519 2410 1563 2451 in
1601 2410 1745 2466 priore

230 2466 414 2542 dmm*
432 2478 498 2523 hi:

252 2544 258 2549 ’
353 2550 483 2606 28,11

446 2627 542 2682 Sed,
575 2633 773 2682 quantum
803 2626 935 2679 video,
964 2628 1080 2680 pari
1109 2629 1249 2683 fuistis

448 2698 585 2743 Casu.

353 2770 393 2814 D
430 2773 474 2815 et
496 2770 530 2813 L
559 2770 766 2816 exhibent
785 2786 949 2829 parum,
982 2772 1068 2816 La’
1095 2775 1139 2816 et
1162 2772 1198 2816 O
1216 2774 1330 2829 pari,
1362 2773 1400 2816 G
1418 2789 1573 2830 parum
1595 2790 1748 2831 supra-

237 2845 398 2903 scripto
430 2847 474 2888 al
500 2848 612 2903 pari.
675 2844 784 2890 Item
819 2852 920 2891 casu
957 2851 1072 2892 recte
1103 2848 1146 2890 in
1179 2845 1216 2890 G
1249 2850 1294 2891 et
1325 2847 1362 2891 Ο
1394 2850 1538 2903 extat,
1580 2863 1675 2891 cum
1707 2852 1746 2895 D

227 2931 382 2972 casum,
419 2918 454 2962 L
487 2934 609 2964 casus
640 2920 862 2976 praebeat.
