2087 3321
1019 197 1045 243 7

275 327 329 377 ut
366 323 511 369 auimo
549 318 770 365 affirmet?
833 317 956 372 Nihil
993 322 1072 373 est,
1112 334 1197 377 quo
1229 319 1554 365 Lachmannum
1594 322 1793 378 putemus

252 398 461 442 voluisse
500 393 543 436 id
582 392 742 437 referre
781 396 956 450 praeter
996 408 1068 445 ea,
1090 411 1096 416 ·
1115 408 1225 450 quae
1264 393 1309 437 in
1349 407 1473 436 versu
1515 394 1794 450 praecedente

277 467 527 517 habentur}
562 478 694 522 quare
716 467 808 507 iam
839 472 878 508 ee
908 474 986 507 cur
1017 467 1194 520 amplius
1225 468 1452 521 eaecrucies,
1485 465 1592 510 haec
1623 465 1712 510 fere
1745 469 1796 509 ut

277 538 435 584 evadat
475 538 711 583 sententia:
759 538 863 595 quin
903 541 952 581 tu
984 538 1130 582 animo
1162 539 1353 583 affirmas
1385 541 1430 583 te
1461 538 1648 595 amplius
1680 538 1796 582 nolle

276 615 321 655 te
352 611 630 655 excruciare?
692 610 830 662 Quam
869 612 1018 655 tamen
1051 611 1373 668 interpretandi
1405 611 1619 655 rationem
1655 611 1794 656 fateor

275 681 641 728 mihi-admodum
674 672 919 727 contortam
952 681 1087 726 videri
1119 683 1236 735 adeo,
1277 685 1326 724 ut
1358 682 1626 728 Lachmauni
1659 685 1795 742 scrip-

277 760 421 801 turam
468 771 615 800 veram
661 769 752 800 esse
799 754 906 798 mihi
952 756 1207 812 persuadere
1253 770 1474 812 nequeam.
1553 755 1648 801 Iam
1690 753 1795 801 vero

275 834 415 887 itaque
465 828 641 873 omniuo
693 843 779 872 non
831 828 1019 872 habetur
1070 828 1116 872 in
1168 828 1309 880 libris,
1369 830 1442 873 sed
1491 845 1519 889 a
1569 828 1794 888 'scaligero

276 903 516 947 coniectum
537 903 626 954 est;
659 901 759 944 libri
780 906 951 958 praeter
975 901 1028 953 D,
1050 902 1094 944 in
1117 916 1201 958 quo
1222 915 1420 957 perverse
1441 909 1560 958 teque
1581 903 1792 959 scriptum

276 978 363 1029 est,
404 975 458 1019 ad
495 988 630 1017 unum
670 988 818 1018 omnes
858 981 986 1031 atque
1020 974 1248 1025 exhibent3
1295 988 1373 1030 pro
1406 972 1601 1029 αῙβὶ-ηιαε
1629 980 1791 1028 autem,

273 1047 390 1105 quod
429 1046 470 1090 D
511 1049 556 1090 et
593 1045 630 1090 L
670 1061 765 1091 cum
806 1051 1045 1100 ceterorum
1085 1046 1362 1089 multitudine
1401 1048 1634 1103 praebent,
1675 1047 1721 1091 in
1754 1047 1791 1090 G

276 1122 467 1175 offirmas
515 1120 678 1178 legitur
717 1134 898 1176 cumque
935 1117 970 1161 G
1012 1118 1228 1162 consentit
1265 1117 1314 1162 Ο.
1388 1118 1628 1163 Teneamus
1668 1127 1793 1177 atque

277 1196 322 1235 et
362 1208 415 1236 ex
452 1191 529 1236 GO
577 1192 856 1237 restituamus
902 1194 1111 1247 offirmas:
1165 1193 1330 1246 remota
1377 1193 1479 1233 sunt
1523 1188 1792 1239 incommoda

276 1265 515 1321 scripturae
548 1263 925 1308 Lachmannianae
964 1267 1009 1306 et
1046 1277 1193 1306 veram
1234 1262 1387 1317 opinor
1425 1268 1579 1317 poetae
1617 1279 1791 1307 manum

277 1338 394 1380 nacti
419 1352 589 1389 sumus:
1427 1383 1431 1386 ‚

496 1409 604 1461 Quin
636 1413 680 1450 tu
713 1409 851 1451 animo
869 1409 1073 1463 offirmas
1105 1413 1228 1463 atque
1257 1410 1378 1451 istinc
1409 1414 1527 1463 teque
1558 1410 1723 1452 reducis

564 1482 617 1523 Et
649 1482 737 1523 deis
766 1482 904 1524 invitis
936 1482 1088 1524 desinis
1119 1495 1205 1524 esse
1238 1483 1393 1524 miser?

278 1553 437 1598 Deleto
498 1552 560 1596 sic
619 1555 853 1605 commate,
937 1553 1050 1609 quod
1112 1553 1413 1597 Lachmannus
1481 1555 1579 1609 post
1646 1552 1792 1596 vocem

275 1630 441 1669 reducis
479 1626 636 1682 posuit,
680 1626 929 1680 bipertitam
965 1626 1171 1670 habemus
1202 1627 1460 1680 orationem,
1501 1626 1622 1670 cuius
1652 1627 1793 1671 altera

275 1714 376 1757 pars
408 1697 506 1742 inde
538 1713 564 1741 a
595 1697 811 1754 particula
844 1704 967 1754 atque
999 1697 1206 1754 incipiens
1240 1714 1387 1742 rursus
1417 1699 1522 1743 duas
1545 1699 1692 1755 partes
1715 1698 1792 1756 per

275 1772 512 1828 particulas
559 1784 637 1826 que
682 1794 742 1801 —
788 1776 827 1812 et
872 1771 1121 1814 coniunctas
1166 1771 1373 1814 continet.
1452 1770 1598 1827 Atque
1631 1770 1790 1833 'eadem

276 1844 443 1888 ratione
481 1842 732 1887 Schwabius
770 1842 908 1886 locum
947 1842 1202 1901 intellegere
1241 1842 1431 1895 videtur,
1478 1858 1574 1888 cum
1616 1842 1791 1902 Silligii,

275 1917 348 1974 qui
388 1916 565 1960 eandem
605 1929 734 1972 quam
774 1929 850 1958 nos
888 1919 933 1957 et
972 1916 1044 1957 ille
1088 1915 1346 1972 scripturam
1387 1919 1554 1968 tuetur,
1603 1918 1792 1973 explica—

276 1991 439 2033 tionem
471 1990 578 2032 satis'
609 1988 761 2045 miram
795 1989 1028 2045 vituperat.

396 2062 669 2118 Quapropter
707 2061 759 2104 de
795 2059 861 2102 his
901 2061 1093 2104 versibus
1131 2060 1212 2104 hoc
1251 2061 1344 2104 loco
1381 2062 1708 2118 disputavimus,
1742 2067 1793 2105 ut

275 2134 438 2178 codices
476 2132 515 2175 G
553 2136 598 2175 et
636 2132 673 2176 Ο
710 2133 959 2176 offirmandi
1006 2133 1187 2176 verbum
1227 2136 1343 2177 recte
1381 2148 1571 2179 servasse
1616 2136 1791 2179 demon-

275 2210 524 2257 straremus,
557 2205 600 2249 id
629 2207 680 2248 ut
698 2204 862 2248 viribus
886 2205 1047 2248 nostris
1070 2205 1194 2249 licuit
1213 2206 1452 2250 confectum
1476 2208 1556 2251 est.
1606 2204 1791 2251 Restant

275 2282 421 2324 autem
460 2279 588 2336 plura
625 2277 672 2322 in
714 2277 796 2321 hoc
834 2291 957 2321 versu
996 2278 1312 2323 controversiae
1345 2278 1534 2323 virorum
1568 2278 1790 2324 doctorum

275 2351 481 2403 obnoxia,
519 2359 643 2407 quae,
682 2364 944 2406 quamquam
978 2351 1030 2393 ad
1063 2365 1180 2402 eam,
1213 2366 1343 2407 quam
1375 2367 1453 2395 nos
1485 2352 1654 2409 agimus
1685 2366 1790 2403 rem,

278 2440 360 2469 nou
401 2425 642 2481 pertinent,
683 2437 771 2467 non
811 2421 1011 2466 videntur
1051 2422 1226 2467 silentio
1264 2423 1651 2480 praetermittenda
1688 2438 1791 2475 esse.

277 2497 563 2541 Baehrensius
603 2499 793 2552 offirmas
832 2494 1002 2551 quidem
1040 2496 1262 2551 probavit,
1304 2497 1376 2539 sed
1417 2496 1682 2540 existimavit
1712 2512 1792 2553 pro

275 2564 414 2614 animo
460 2569 730 2614 scribendum
778 2583 868 2613 esse
914 2570 1106 2612 animum.
1175 2567 1235 2611 Et
1280 2568 1459 2625 ponitur
1505 2568 1564 2612 sic
1613 2569 1790 2613 verbum

275 2635 521 2686 offirmandi
553 2642 595 2684 vi
628 2641 879 2687 transitivaz
912 2640 1176 2686 Ten-Haut.
1211 2640 1250 2682 V
1283 2641 1376 2692 5‚8:

435 2748 437 2750 .
492 2716 578 2770 Aqe
611 2729 780 2770 quaeso,
811 2731 862 2759 ne
893 2722 978 2759 tam
1010 2717 1178 2772 offirma
1209 2721 1261 2767 te,
1295 2714 1499 2758 Chremes.

276 2791 321 2832 et
356 2787 497 2831 Plaut.
531 2786 661 2831 Mero.
691 2786 716 2829 I
749 2788 873 2840 1‚81:

496 2861 546 2904 Ut
577 2862 757 2904 animum
788 2862 954 2916 offirmo
986 2875 1128 2903 meum.
