2087 3321
1046 227 1076 271 4

297 359 446 389 omnes
479 361 587 403 quos
619 345 758 390 adhuc
789 347 1149 402 perlustravimus
1187 349 1461 394 coniunctos:
1510 350 1590 395 hoc
1629 351 1744 394 enim
1766 349 1819 404 in

297 414 338 459 D
372 420 417 461 et
449 417 483 461 L
516 417 792 463 manifestam
822 418 1205 477 interpolationem
1237 421 1458 476 habemus,
1497 438 1584 481 qua
1617 422 1651 468 G
1684 425 1818 479 caret,

297 489 385 533 illis
417 491 468 533 de
502 490 630 533 meris
662 489 876 533 scribendi
908 492 1128 536 erroribus
1157 494 1386 550 agebatur.

418 563 596 607 Duobus
627 562 732 607 locis
763 578 867 609 vera
894 553 1189 622 scriptura-in
1217 565 1360 611 codice
1381 565 1417 611 L
1448 568 1503 613 ab
1525 570 1665 615 altera
1686 585 1818 615 manu

297 635 399 695 (Π)
432 637 549 680 inter
591 651 736 681 versus
777 638 845 681 vel
886 638 929 681 in
970 639 1166 698 margine
1204 639 1420 698 adscripta
1460 646 1526 686 est
1557 645 1690 701 atque
1722 643 1819 687 inde

296 711 396 763 iam,
430 714 666 766 autequam
698 711 831 755 codex
863 711 900 754 G
932 713 1118 756 collatus
1149 716 1230 767 est,
1269 717 1373 758 nota
1404 717 1449 758 et
1481 730 1507 758 a
1538 714 1818 760 Lachmanno

295 784 340 827 iu
373 786 542 827 textum
577 786 751 839 recepta.
782 787 898 827 erat:

417 856 520 909 91‚3

518 929 639 981 Quod
685 936 724 971 te
771 944 1008 986 coqnossem
1056 931 1157 974 bene
1205 938 1587 977 constantemve
1626 939 1817 989 putarem

514 1009 832 1059 constanterque
864 1003 904 1045 D
946 1010 1232 1056 constanteroe
1264 1003 1299 1046 L
1339 1012 1643 1049 constantemve
1676 1005 1818 1050 L’GO

419 1074 547 1127 106‚1

476 1155 482 1161 '
518 1148 617 1192 Cum
648 1162 781 1204 puero
814 1149 919 1192 bello
949 1164 1199 1205 praeconem
1233 1152 1303 1207 qni
1333 1151 1443 1194 videt
1475 1165 1580 1194 esse

513 1225 603 1277 ipse
636 1220 712 1265 DL
745 1237 832 1265 esse
862 1221 1006 1265 L¹GO

418 1297 526 1351 Ipse,
560 1294 673 1351 quod
708 1294 751 1337 in
788 1294 826 1337 D
859 1298 904 1338 et
936 1312 962 1339 a
993 1296 1134 1352 prima
1166 1311 1298 1339 manu
1330 1295 1373 1338 in
1399 1295 1430 1338 L
1460 1298 1596 1349 extat,
1630 1312 1655 1340 a
1678 1296 1818 1341 Lach-

296 1383 455 1413 manno
487 1369 680 1425 spretum
704 1366 883 1411 Ellisius
915 1368 959 1410 in
992 1371 1117 1412 textu
1149 1368 1295 1425 posuit
1326 1370 1372 1411 et
1401 1370 1488 1412 suis
1520 1370 1650 1413 oculis
1681 1368 1819 1413 inter-

294 1444 496 1498 pretatus
538 1443 614 1484 est.
680 1439 762 1484 Sed
811 1441 899 1483 sive
946 1441 1028 1484 hae
1073 1441 1162 1485 sive
1210 1443 1297 1487 alia
1336 1444 1477 1488 nescio
1515 1458 1602 1500 qua
1648 1442 1819 1486 ratione

294 1513 614 1570 interpretaris,
648 1513 839 1557 alienum
872 1513 915 1556 id
947 1518 1012 1557 est
1045 1530 1071 1558 a
1103 1516 1333 1561 sententia.
1388 1516 1640 1573 Requiritur
1672 1517 1818 1559 autem

293 1586 537 1630 infinitivus
570 1589 701 1643 atque
733 1589 809 1640 ire,
847 1586 959 1643 quod
984 1585 1235 1631 Schwabius
1268 1586 1470 1639 coniecit,
1502 1587 1818 1636 eoncedendum

293 1662 467 1718 quidem
501 1663 566 1704 est
599 1676 625 1704 a
661 1663 791 1716 poeta
823 1660 1014 1716 potuisse
1043 1661 1165 1717 poni,
1205 1662 1278 1705 sed
1310 1676 1412 1714 esse,
1452 1661 1566 1717 quod
1597 1661 1643 1704 in
1675 1660 1819 1705 L¹GO

295 1734 505 1788 habetur,
564 1748 649 1777 non
695 1733 840 1777 minus
886 1732 996 1777 bene
1044 1733 1202 1778 dicitur
1249 1748 1386 1792 neque
1432 1737 1499 1778 est
1545 1749 1622 1779 cur
1668 1734 1724 1779 ab
1770 1748 1819 1778 eo

293 1808 553 1851 recedamus.

415 1880 495 1924 His
529 1879 646 1932 locis,
680 1879 837 1937 quibus
863 1893 965 1922 vera
985 1878 1202 1935 scriptura
1223 1879 1311 1923 iam
1335 1879 1378 1922 in
1401 1879 1668 1923 Lachmanni
1691 1881 1816 1923 textu

294 1968 496 2011 expressa
543 1956 631 2005 est,
687 1953 772 1996 duo
818 1952 1049 2004 accedunt,
1106 1952 1261 2008 quibus
1308 1953 1364 1996 ab
1411 1953 1489 1996 illo
1535 1952 1817 1996 recedendum

293 2027 484 2078 videtur,
533 2041 716 2083 quorum
758 2026 898 2070 altero
937 2024 975 2068 G
1013 2040 1110 2068 cum
1152 2024 1189 2069 Ο
1229 2040 1378 2069 verum
1419 2025 1628 2079 servavit,
1677 2025 1817 2069 altero

294 2099 513 2143 meliorem
562 2102 679 2143 certe
726 2114 857 2157 quam
899 2098 935 2141 D
980 2100 1024 2141 et
1064 2097 1099 2140 L
1139 2101 1184 2141 et
1230 2098 1364 2142 ceteri
1411 2098 1513 2142 libri
1555 2098 1817 2156 scripturam

293 2174 489 2218 exhibet:

416 2247 533 2302 73‚3.
552 2247 579 2290 4

514 2323 662 2368 Omnia
694 2327 789 2364 sunt
820 2323 991 2375 ingrata
1023 2321 1124 2362 nihil
1153 2321 1302 2373 fecisse
1334 2320 1505 2374 benique

586 2396 716 2437 Immo
748 2395 872 2436 etiam
905 2393 1042 2435 taedet
1072 2399 1275 2448 stetque
1307 2394 1570 2448 mayisque
1601 2392 1747 2446 maqis.

414 2468 534 2513 Haec
575 2465 845 2511 Lachmanni
884 2465 1047 2509 codices
1095 2465 1137 2508 in
1188 2467 1311 2508 textu
1358 2464 1604 2517 exhibent„
1629 2462 1818 2522 margini

293 2543 450 2587 codicis
483 2541 518 2585 L
559 2542 753 2597 obestque
793 2539 1059 2596 adscriptum
1099 2541 1177 2582 est.
1242 2538 1546 2582 Lachmanuus
1579 2553 1632 2581 ex
1662 2544 1819 2594 sterque

295 2617 439 2659 effecit
470 2618 507 2659 si
536 2617 583 2670 fit
615 2617 660 2657 et
692 2613 835 2657 deleto
867 2614 1094 2668 maqisqne,
1126 2612 1239 2669 quod
1272 2611 1500 2655 delendum
1532 2626 1622 2656 esse
1653 2610 1819 2667 primus

294 2689 510 2733 Avantius
569 2687 811 2745 perspexit,
870 2687 921 2728 ut
975 2700 1143 2729 versum
1192 2699 1389 2729 mancum
1440 2685 1656 2742 expleret,
1708 2683 1816 2728 illud

293 2764 487 2818 obestque
519 2777 572 2806 ex
604 2761 802 2819 margine
835 2758 989 2804 codicis
1024 2758 1057 2801 L
1090 2759 1293 2802 inseruit:

515 2836 665 2878 Omnia
696 2840 791 2877 sunt
822 2836 1007 2889 inyrala,
1040 2835 1142 2876 nihil
1171 2834 1320 2888 secisse
1351 2832 1545 2886 beniyne:

584 2909 715 2952 Immo
748 2910 872 2951 etiam
905 2907 1057 2960 taedet,
1088 2909 1130 2950 si
1161 2908 1244 2962 sit,
1277 2906 1471 2962 obestque
1503 2905 1648 2960 ma-qis.
