2087 3321
941 184 1104 265 37„'

216 334 495 379 coniunctum
526 347 622 377 cum
654 334 857 391 genetivo
879 337 974 391 ayn·
992 348 1068 378 seu
1089 334 1180 377 sine
1200 335 1283 379 tali
1304 334 1508 392 genetivo
1528 335 1729 391 positum.

216 407 461 465 Utrumque
506 406 644 464 igitur
682 410 727 450 et
765 409 897 452 cultor
934 409 980 452 et
1015 422 1172 452 messor
1209 407 1327 453 haud
1357 406 1487 454 dubie
1517 421 1620 451 sane
1650 407 1731 452 hoc

217 481 312 525 loco
342 479 427 524 dici
457 481 623 537 potest3
648 480 727 525 sed
759 481 795 524 si
827 480 871 525 id
902 483 1159 539 spectamus,
1189 484 1242 525 ut
1272 481 1396 539 origo
1417 480 1731 538 discrepantiae

215 552 420 609 patefiat,
460 556 594 598 cultor
631 553 756 597 nobis
791 553 1121 611 praeferendum
1161 558 1240 609 est,
1280 555 1393 612 quod
1432 568 1521 598 non
1561 554 1732 597 videtur

158 657 160 660 -
219 625 275 669 ab
313 624 627 683 interpolatore
662 624 903 684 profectum
943 641 1054 679 esse3
1093 642 1194 671 nam
1231 628 1267 671 si
1304 627 1402 685 quis
1431 627 1479 671 in
1510 627 1624 671 libro
1656 641 1732 670 suo

215 697 393 756 legebat
438 713 596 742 messor
638 700 835 754 flaventia
882 702 1045 743 demetit
1092 694 1219 754 arva,
1266 716 1377 758 quae
1415 701 1455 744 ei
1492 714 1600 744 ansa
1638 713 1732 743 esse

156 816 160 821 ,
215 772 389 827 poterat
432 770 780 829 interpretandi?
863 770 1025 817 Contra
1075 773 1112 816 si
1158 775 1291 818 cultor
1335 774 1571 832 genuinum
1618 774 1729 825 erat,

209 841 317 887 'sane
348 844 443 887 fieri
473 846 662 901 poterat,
693 859 790 888 cnm
823 846 1001 889 verbum
1032 847 1221 890 metendi
1252 850 1517 904 sequeretur,
1550 849 1600 889 ut
1616 845 1729 902 *quis

213 917 430 961 notionem
453 919 587 961 cultor
608 919 850 963 accuratius
874 918 957 963 sibi
972 918 1292 965 describendam
1312 922 1489 977 putaret
1510 917 1729 977 adscripto

213 1004 380 1034 messor.
433 988 770 1034 Commendatur
800 994 1027 1048 praeterea
1059 995 1192 1035 cultor
1211 993 1315 1036 loco
1354 992 1532 1045 Tibulli,
1565 1007 1651 1048 quo
1683 995 1727 1035 et

213 1063 306 1118 ipso
338 1065 472 1107 cultor
500 1070 650 1106 metere
680 1063 837 1107 dicitur
867 1063 932 1107 IV
966 1065 1164 1116 2‚17.18:
1377 1070 1380 1072 ’

430 1137 736 1193 Possideatque,
768 1140 909 1180 metit
940 1139 1140 1193 quidquid
1171 1139 1271 1181 bene
1301 1139 1502 1182 olentibus
1533 1141 1647 1181 arvis

501 1210 679 1254 Cultor
708 1211 912 1254 odoratae
943 1212 1057 1254 dives
1088 1211 1226 1267 Arabs
1256 1213 1417 1267 sepelis.

214 1280 311 1326 Non
345 1284 461 1326 recte
492 1283 629 1340 igitur
659 1281 950 1326 Baehrensius
984 1297 1140 1327 messor
1164 1297 1223 1329 ⁴ex
1254 1281 1291 1326 Ο
1323 1283 1470 1328 edidit.

333 1355 496 1409 61,106

425 1429 558 1472 Lenta
588 1429 675 1484 qm·
704 1430 814 1471 velut
846 1429 1008 1472 adsitas

503 1502 604 1544 vitis
633 1502 818 1557 implicat
850 1502 1036 1554 arbores,

495 1575 785 1630 Implieabitur
813 1576 857 1618 in
889 1580 1001 1618 tuum

425 1646 705 1703 Complexum.

331 1719 402 1764 Sic
423 1712 535 1764 lenta
558 1722 628 1776 qm·
643 1717 947 1764 Lachmannus
972 1720 1016 1763 in
1039 1718 1226 1764 editione
1244 1718 1418 1776 scripsit
1438 1734 1517 1776 pro
1533 1718 1725 1764 codicum

213 1785 417 1849 lentaqucss
495 1790 578 1836 Sed
616 1793 870 1850 pronomine
906 1792 1091 1837 relativo
1127 1791 1233 1837 haec
1270 1807 1355 1836 non
1405 1794 1507 1850 apte
1551 1791 1724 1836 adnecti

208 1864 411 1909 videntur
442 1865 816 1923 praecedentibus:

423 1940 517 1982 Non
547 1946 641 1982 tuus
672 1941 772 1982 levis
800 1941 844 1982 in
875 1941 989 1982 mala

493 2013 667 2056 Deditus
695 2013 762 2055 vir
793 2013 985 2056 adultera

495 2086 659 2128 Probra
690 2087 833 2142 turpia
861 2079 1114 2143 persequens

422 2159 459 2201 A
491 2160 573 2201 tm‘s
604 2160 756 2202 teneris
785 2158 894 2203 volet

496 2232 706 2274 Secubare
734 2234 918 2287 papillis.

205 2306 266 2351 Et
311 2304 450 2348 multo
488 2302 627 2362 magis
666 2303 831 2360 placet,
871 2304 986 2362 quod
1026 2303 1130 2348 Itali
1160 2303 1434 2348 coniecerunt
1465 2305 1576 2345 lenta
1607 2304 1718 2358 quin,

205 2380 319 2437 quod
350 2376 592 2421 sententiae
623 2378 795 2434 egregie
825 2376 1043 2428 convenit3
1076 2381 1141 2420 est
1174 2377 1290 2420 enim
1312 2380 1412 2432 quin
1433 2376 1479 2420 in
1503 2375 1584 2418 hoc
1605 2389 1719 2419 nexu

205 2454 401 2496 nostrum
419 2452 601 2495 sondem
612 2452 816 2503 vielmelm
828 2450 947 2493 cuius
964 2463 1066 2492 usus
1082 2450 1279 2507 exempla
1290 2449 1534 2506 nuperrime
1542 2462 1720 2505 conges-

204 2526 262 2568 sit
282 2524 457 2568 Kienitz
488 2524 534 2568 in
566 2524 728 2576 libello,
760 2524 829 2567 cui
851 2523 1093 2579 inscripsit:
1127 2525 1179 2566 de
1199 2527 1298 2580 quin
1325 2525 1567 2579 ‚particulae
1604 2525 1720 2578 apud

203 2600 365 2654 priscos
394 2600 621 2653 scriptores
652 2599 823 2641 Latinos
852 2612 943 2650 usu,
977 2595 1211 2640 Carlsruhe
1254 2596 1368 2639 1878
1401 2595 1598 2655 (Beilage
1620 2611 1718 2639 zum

207 2669 358 2727 Progr.
406 2670 447 2715 ἁ.
496 2669 662 2728 grossh.
705 2669 881 2727 Gymn„
904 2684 955 2712 zu
995 2668 1041 2713 O.
1086 2667 1316 2728 1877178),
1349 2684 1610 2726 quamquam
1653 2672 1718 2713 vir

206 2742 355 2787 doctus
393 2742 454 2786 ibi
495 2742 628 2788 etiam
660 2743 901 2801 complures
933 2743 1048 2787 locos
1081 2742 1253 2795 attulit,
1292 2743 1366 2799 qui
1398 2757 1484 2786 non
1516 2742 1719 2786 videntur

206 2816 289 2860 huc
321 2813 550 2873 pertinere.
614 2815 706 2860 Iam
740 2816 871 2860 codex
904 2816 941 2861 O
971 2815 1150 2873 praebet
1181 2817 1292 2859 lenta
1322 2818 1409 2870 sed,
1439 2816 1553 2872 quod
1575 2816 1719 2861 Baeh-

202 2889 367 2933 rensius
419 2888 579 2947 aliique
625 2882 858 2947 genuinum
912 2891 1082 2946 putant.
1165 2887 1223 2932 Et
1276 2903 1379 2932 sane
1429 2889 1563 2934 etiam
1611 2889 1717 2934 haec
